3160 5130
605 350 861 414 ,-65.-

178 522 265 588 Non.
288 546 319 607 p.
343 522 416 586 503.
456 525 557 599 seruit
583 542 643 601 pro
675 523 789 597 feruet.
838 525 1011 584 Lucilius
1047 525 1123 584 Sat.
1161 525 1219 584 lib.
1255 525 1326 585 IX:

306 627 441 700 ‘leruit
462 644 559 686 raunc
576 625 780 699 feruelad
800 627 960 686 annum)
1005 644 1033 685 e.
1056 645 1087 708 q.
1109 644 1132 686 a

176 760 280 824 Prisc.
303 782 335 845 p.
358 759 421 823 443
443 759 486 824 H.
526 755 636 836 feroce
654 762 760 836 fernes
781 769 810 822 el
829 761 939 834 scrueo
956 761 1067 835 seritis.
1106 763 1253 836 Vernulas
1274 763 1325 822 lib.

314 867 401 925 uzu.
446 883 474 924 e.
500 884 531 947 q.
555 885 581 925 s.

176 996 258 1062 ibid.
287 1021 319 1083 p.
346 997 419 1062 478.
464 1007 593 1082 praeter
621 995 686 1061 alia
716 996 866 1083 exempla
900 997 1049 1063 adfertur
1077 999 1180 1062 idem
1209 999 1326 1062 Luci-

305 1097 464 1163 lianum
487 1099 575 1185 quod
599 1108 648 1164 est
670 1098 758 1186 apud
781 1098 932 1164 Nonium.

178 1236 251 1301 Non
273 1258 305 1321 p.
328 1235 401 1317 503,
423 1235 476 1301 25.
506 1242 583 1300 lauit
602 1256 661 1315 pro
682 1242 777 1299 quat.
816 1241 1006 1312 Veranius
1027 1257 1153 1314 peoru.
1177 1241 1238 1300 lio.
1256 1241 1324 1331 III:

305 1342 417 1402 ‘lauit
438 1343 607 1418 improbe
630 1350 754 1401 taeter
778 1339 849 1401 Oro
871 1346 1006 1402 eruor?
1036 1345 1192 1403 Pluulus
1214 1344 1325 1402 Pseu-

306 1446 413 1503 dulo:
442 1448 517 1504 ‘eus
537 1445 712 1504 lacrimis
732 1445 857 1503 luicis?

177 1575 278 1640 Prisc.
303 1598 334 1662 p.
357 1577 430 1639 471.
475 1583 547 1640 louo
569 1582 648 1641 lauis
669 1582 755 1639 lauit.
784 1582 942 1639 Plautus
963 1581 1165 1640 Pseudulo:
1187 1581 1326 1653 ‘pestes

304 1682 476 1742 labellos
509 1699 571 1742 cos
605 1685 776 1742 lacrimis
809 1684 931 1741 louis?
984 1683 1174 1755 Veranius
1211 1685 1245 1740 in
1276 1682 1324 1740 X:

305 1784 420 1844 ‘lauil
440 1784 606 1861 improba
629 1790 750 1843 taeter
767 1783 839 1842 Ora
861 1785 999 1842 cruor?
1023 1779 1065 1843 cf.
1082 1779 1193 1844 Diom.
1206 1802 1238 1865 p.
1251 1780 1323 1860 381,

307 1883 356 1946 11.
402 1880 505 1984 Prisc.
528 1905 562 1965 p.
584 1881 658 1947 403.

176 2019 365 2083 Priscianus
389 2019 472 2082 libro
495 2016 582 2082 VIII
605 2027 637 2082 et
660 2018 711 2082 IX
739 2041 814 2083 oum
836 2018 980 2083 Probum
1008 2019 1156 2104 inprimis
1180 2020 1324 2082 nominet

176 2120 252 2184 huie
272 2143 332 2184 sua
355 2119 475 2185 debere
496 2119 638 2201 uidetur,
662 2141 722 2185 neo
744 2143 822 2185 uero
846 2122 951 2184 minus
975 2142 1059 2206 quae
1081 2121 1167 2206 apud
1183 2119 1323 2184 Nonium

177 2231 295 2286 extant
317 2244 352 2285 re
375 2244 455 2286 uera
477 2221 585 2286 Probo
609 2221 819 2288 attribuenda
841 2245 914 2286 esse
937 2221 1106 2309 probabile
1130 2234 1189 2286 est.

262 2340 332 2404 lam
355 2342 457 2426 igitur
479 2341 575 2405 modo
598 2363 675 2406 uere
698 2341 934 2428 disputauerim
959 2342 1000 2404 de
1015 2349 1279 2421 commentatore,
1296 2341 1324 2402 si

175 2465 241 2507 non
264 2443 369 2506 maius
393 2451 427 2508 at
449 2443 512 2508 hoo
534 2451 621 2507 certe
645 2443 769 2508 eruisse
792 2444 886 2508 nobis
909 2443 1059 2507 uidemur
1082 2441 1191 2506 Verrii
1214 2441 1323 2506 Flacci

176 2544 288 2631 copias
312 2567 385 2608 cum
408 2546 442 2610 in
460 2566 565 2609 usum
587 2567 725 2610 uocasse
748 2555 780 2610 et
802 2566 1033 2631 nonnunquam
1056 2543 1155 2608 Probi
1182 2545 1322 2608 fortasse

176 2647 274 2711 etiam
298 2646 396 2711 Plinii
418 2656 452 2712 et
474 2647 574 2733 Capri
598 2646 697 2713 libros
720 2648 914 2734 inspexisse.
961 2647 1017 2710 scd
1044 2646 1085 2710 de
1112 2646 1162 2709 bis
1185 2648 1322 2710 auctori-

174 2749 238 2814 bus
260 2750 347 2814 infra
362 2752 544 2814 accuratius
567 2751 747 2835 quaesituri
769 2773 855 2814 nunc
877 2748 1135 2834 transgredimur
1163 2746 1206 2811 ad
1228 2747 1321 2811 Pom-

175 2871 325 2937 pontana.

197 3087 260 3152 DE
284 3087 679 3154 POMPONIANORVM
702 3087 1018 3153 EXEMPLORVM
1041 3085 1300 3152 ORDINIBVS.

675 3279 771 3357 Caput
795 3280 820 3339 1.

175 3401 206 3464 p.
235 3378 283 3460 16,
308 3377 360 3441 34.

217 3479 336 3542 lemma
356 3480 408 3543 49.
432 3489 543 3543 strena
684 3485 864 3559 Pomponius
887 3484 1063 3543 pictoribus.

357 3582 409 3645 50.
434 3579 577 3645 adulatio
686 3580 774 3645 Tull.
797 3579 837 3644 de
861 3580 994 3645 deorum
1017 3591 1145 3644 natura.

684 3683 771 3747 idem
795 3683 836 3747 de
859 3683 987 3748 officiis.

683 3785 866 3850 Lucretius

683 3888 795 3952 Attius
818 3885 1023 3977 Promethea.

358 3989 410 4052 51.
433 3989 652 4052 manducones
686 3995 830 4068 Pompeia.
854 3993 1033 4053 Pictoribus.

357 4090 408 4154 52.
433 4091 542 4154 senica
683 4095 826 4171 Pompoa.
851 4095 1026 4155 Pictoribus.

682 4194 769 4256 idem
792 4193 904 4256 Praeo.
930 4202 1012 4277 post.

357 4294 409 4359 53.
432 4294 603 4378 gradarius
685 4292 831 4358 Lucilius
856 4304 916 4359 sat.
941 4293 995 4358 lib.
1020 4291 1114 4354 XIV.

684 4397 786 4460 Varro
809 4395 931 4459 Madia.

315 4509 319 4513 “
357 4499 409 4562 54.
433 4499 634 4562 exdorsuare
684 4498 792 4562 Plaut.
815 4494 998 4560 Aulularia.

225 4599 329 4649 Sannaus,
344 4599 370 4637 «le
383 4597 446 4639 Nonii
463 4597 553 4639 blarrrlli
569 4606 623 4639 num.
639 4610 729 4648 granam.
1097 4603 1114 4659 5
