3160 5126
648 302 882 364 -103-

586 502 643 566 De
668 502 783 569 Velio
804 504 953 590 Longo.

281 654 469 719 Admodum
503 654 618 720 similis
652 656 750 720 Nonii
784 657 945 744 expositio
979 658 1019 723 de
1057 662 1147 735 ferus
1177 659 1339 724 uocabulo

197 759 244 842 (p.
268 758 344 837 307,
375 758 427 843 13)
462 757 550 822 Velii
572 755 785 844 explicationi
818 761 874 844 qui
903 759 990 844 apud
1022 759 1122 824 schol.
1146 761 1268 825 Veron.
1297 761 1339 826 ad

197 859 280 924 Aen.
310 857 395 941 VII,
430 859 493 923 489
531 860 578 924 sic
615 860 676 924 eit:
715 866 976 939 ‘pectebatque
1009 866 1163 938 serum'.
1207 869 1338 941 Lonpus.

197 1008 204 1022 .
223 965 454 1026 ...admodum
477 967 507 1026 in
535 966 748 1026 consuetudine
773 969 961 1042 intellepz'tor.
1006 985 1099 1041 neque
1125 971 1203 1028 enim
1223 977 1342 1044 poterut

195 1084 258 1126 esse
287 1066 376 1138 serus
409 1067 446 1125 de
477 1082 535 1141 quo
565 1083 660 1142 supro
693 1067 774 1128 uexit
809 1069 983 1130 ‘adsuetum
1016 1071 1165 1144 imperiis'
1195 1089 1224 1130 e.
1252 1090 1283 1153 q.
1312 1091 1338 1131 s.

193 1166 320 1240 serum
343 1169 611 1242 quodammodo
632 1170 731 1229 etde
752 1186 843 1244 equo
865 1173 901 1228 in
923 1170 975 1229 II:
1005 1174 1132 1244 ‘inque
1150 1171 1235 1243 fert
1255 1191 1340 1232 eur·

197 1286 276 1330 uum
299 1272 541 1344 compsanus
569 1273 693 1329 aluum
721 1275 930 1331 contorsit)
974 1268 1016 1332 ef.
1040 1267 1183 1332 Nonium
1211 1293 1244 1356 p.
1266 1271 1339 1351 307,

198 1367 252 1450 13:
273 1370 362 1443 serus
383 1374 532 1445 siqnidem
552 1389 683 1432 seuerus.
736 1374 882 1446 Veratius
903 1376 934 1434 in
959 1375 1031 1432 Aen.
1046 1374 1083 1431 ΙΙ
1097 1392 1125 1434 e.
1142 1393 1173 1455 q.
1190 1393 1214 1434 s.
1228 1375 1253 1447 f
1254 1393 1341 1436 erus

195 1474 328 1532 iterum
351 1490 475 1547 equus.
517 1476 667 1547 Verptlius
689 1475 761 1533 Aen.
786 1475 835 1534 lib.
853 1475 906 1543 II,·
930 1476 1056 1548 ‘ioque
1075 1476 1159 1547 sert
1179 1494 1337 1537 curuum

195 1575 438 1650 compuptbus
465 1578 589 1636 aluum
616 1578 826 1637 contorsit?
870 1577 970 1635 Attius
998 1577 1123 1636 Medea:
1147 1621 1153 1634 .
1178 1623 1184 1636 .
1207 1597 1233 1638 e.
1257 1598 1288 1660 q.
1312 1599 1338 1638 s.

192 1675 280 1747 ferus
301 1680 369 1736 item
391 1679 542 1751 siqnidem
561 1694 692 1738 ceruum.
745 1678 893 1753 Verpilius
913 1679 963 1737 lte.
994 1678 1071 1738 VII:
1092 1681 1339 1755 pectebatque

191 1777 335 1851 serum)
380 1797 408 1839 e.
431 1797 463 1861 q.
487 1775 563 1862 s.⁴³)

195 1994 278 2060 Non.
302 2019 333 2082 p.
356 1997 413 2076 33,
440 1975 494 2062 17':
525 2005 667 2074 lanaeum
693 2011 722 2061 et
747 2003 1027 2077 sepneaorpiuum
1051 2002 1200 2074 feriatum
1227 2010 1255 2064 et
1275 2007 1339 2062 stne

321 2105 395 2175 iant.
429 2099 471 2161 cf.
499 2096 599 2164 schol.
628 2099 748 2164 Veron.
773 2099 919 2183 inVerg.
937 2100 1021 2164 Aen.
1034 2101 1097 2181 IV,
1117 2100 1190 2164 149:
1220 2105 1339 2179 Longius

321 2206 467 2278 siquidem
488 2208 588 2279 scynis
609 2213 652 2264 est
673 2207 736 2264 sine
757 2208 829 2279 teni.
1144 2290 1147 2295 Ι
1249 2296 1268 2340 .

423 2401 426 2406 ’
520 2405 576 2469 De
599 2403 801 2471 Caesellio
824 2404 1010 2469 Vindice.

279 2541 344 2604 Hic
371 2564 445 2606 cum
473 2564 538 2606 non
555 2550 623 2605 tam
645 2550 802 2627 perpetuo
826 2542 1057 2606 commentario
1079 2563 1177 2626 quam
1201 2540 1339 2626 singulis

194 2664 253 2728 per
281 2641 427 2726 singulas
461 2640 653 2708 ‘lectionum
682 2665 813 2707 suarum
847 2645 1070 2728 antiquarum’
1103 2642 1230 2708 litteras
1258 2644 1338 2709 locis

194 2743 377 2829 Vergilium
400 2745 547 2829 tetigisse
570 2745 734 2827 uideatur,
758 2745 866 2830 aptius
889 2744 977 2807 infra
999 2743 1039 2807 de
1062 2767 1099 2808 eo
1116 2744 1339 2829 disputabitur

194 2841 386 2930 praesertim
408 2869 481 2910 cum
504 2849 537 2910 in
560 2845 722 2911 lemmatis
745 2869 828 2932 quae
851 2869 870 2909 a
892 2843 1052 2910 Caesellio
1081 2845 1115 2907 in
1138 2845 1237 2910 Nonii
1258 2845 1337 2909 lexi-

195 2969 255 3011 con
278 2945 456 3012 defluxisse
478 2947 624 3034 putanda
647 2956 733 3029 sunt,
757 2946 898 3031 Vergilii
921 2948 1041 3010 mentio
1064 2946 1153 3011 facta
1175 2948 1218 3010 sit
1237 2947 1338 3011 nulla.

541 3135 599 3199 De
622 3134 794 3199 Helenio
818 3136 984 3198 Acrone.

279 3271 333 3335 Ab
355 3271 416 3336 hoc
432 3272 564 3356 quidem
578 3270 636 3336 uix
652 3293 711 3334 sua
727 3270 905 3357 sumpsisse
928 3269 1052 3333 Nonius
1074 3271 1206 3335 uidetur
1218 3273 1339 3357 quippe

195 3373 251 3459 qui
273 3372 376 3436 multo
405 3373 567 3458 copiosius
596 3371 815 3459 disputauerit
843 3370 883 3435 de
912 3380 1037 3435 mutata
1066 3371 1283 3438 declinatione
1306 3385 1339 3440 et

195 3474 236 3539 de
245 3473 432 3538 indiscretis
448 3473 625 3539 aduerbiis.
649 3472 789 3558 legimus
805 3473 893 3537 enim
908 3472 997 3560 apud
1012 3472 1198 3539 Charisium
1214 3497 1246 3561 p.
1266 3477 1336 3560 130,

197 3577 252 3640 10:
293 3580 447 3640 Terentius
479 3581 640 3656 Adelphis:
677 3586 776 3640 ‘nunc
803 3587 914 3640 exacte
943 3587 1041 3640 uetote
1075 3581 1131 3640 doc
1157 3581 1257 3653 fructi
1279 3600 1337 3657 pro

194 3683 296 3742 latore
324 3683 362 3742 ab
389 3683 435 3741 ln's
458 3683 551 3754 sero!
595 3685 647 3742 ubi
672 3683 815 3743 Helenius
842 3684 946 3742 Acron
974 3683 1019 3742 ‘et
1044 3683 1132 3744 huius
1151 3683 1284 3755 sructuts
1305 3693 1338 3744 ut

194 3787 326 3856 senatuis
353 3791 469 3844 ueteres
500 3787 693 3844 extulerunt!
740 3779 936 3865 quibuscum
971 3781 999 3844 si
1034 3779 1210 3844 contuleris
1238 3781 1338 3845 Nonii

195 3882 434 3968 expositionem
456 3904 488 3967 p.
510 3881 584 3964 491,
607 3883 628 3946 5
656 3883 698 3947 ab
725 3884 796 3968 ipso
824 3881 961 3946 Helenio
990 3881 1179 3945 testimonia
1201 3903 1259 3944 sua
1281 3880 1336 3944 ha-

193 3983 306 4048 buisse
328 3981 418 4047 illum
442 4006 538 4068 aegre
561 3983 747 4064 credideris,
771 3983 871 4048 immo
896 3984 923 4046 si
939 3982 1077 4068 multum
1100 3981 1259 4046 concedas
1274 3982 1336 4047 hoo

194 4085 280 4149 forte
316 4085 377 4149 tibi
413 4091 650 4172 persuadeatur
685 4083 828 4150 Nonium
865 4107 907 4148 ex
944 4085 1067 4149 eisdem
1094 4083 1187 4147 libris
1216 4084 1335 4168 quibus

196 4186 363 4251 Charisius
397 4187 537 4260 Acronis
571 4188 768 4253 mentionem
801 4185 958 4265 debebat,
996 4185 1225 4250 Palaemonem
1262 4185 1334 4251 dico

262 4461 306 4527 43)
327 4462 361 4515 cf.
381 4461 531 4514 Ribbeokii
549 4462 745 4528 prolegomena
765 4461 866 4527 Vergil.
885 4477 911 4526 p.
932 4463 979 4511 170
998 4461 1060 4510 adn.
1080 4463 1103 4514 ὁ.
