3160 5130
680 348 868 410 „7.

195 517 298 597 vfacilc
330 517 512 608 adducetur
537 528 571 582 ut
601 517 818 603 amplectatur
849 519 1045 584 sententiam
1074 519 1345 600 Schottmuclleri,

203 621 258 707 qui
289 617 473 706 exemplum
508 643 525 684 e
557 619 702 684 Poenulo
737 621 874 706 petitum
903 621 1093 706 primarium
1129 645 1200 686 esse
1231 625 1346 688 statuit

202 725 396 808 putauitque
411 721 553 786 Nonium
570 731 684 808 postea
700 723 827 786 demum
851 745 949 807 quam
971 721 1052 786 illud
1069 726 1133 786 iam
1150 747 1167 788 e
1183 747 1345 788 commen-

202 825 285 890 tario
314 823 549 909 exscripserat,
582 825 673 910 prius
701 824 922 888 testimonium
952 847 969 887 c
999 825 1109 890 Sticho
1138 827 1342 912 desumptum

201 925 380 990 addidisse.
426 949 490 1010 qua
511 927 544 988 in
573 948 607 989 re
631 926 739 990 nescio
762 949 805 990 an
834 926 939 990 uirum
963 927 1094 992 doctum
1123 928 1230 1013 opinio
1254 927 1342 992 sei'el-

202 1028 284 1092 lerit.
315 1050 421 1112 neque
445 1027 527 1090 cuim
550 1027 645 1092 uideo
668 1049 725 1092 cur
747 1051 877 1092 uersum
900 1026 991 1092 illum
1014 1029 1160 1092 eSticho
1183 1029 1344 1108 ailscitum

201 1152 258 1214 pro
283 1129 438 1214 primario
468 1128 618 1214 exemplo
646 1128 831 1194 habendum
861 1151 933 1194 esse
955 1153 1127 1213 negemus,
1150 1131 1341 1216 praesertim

200 1253 273 1294 cum
292 1231 424 1294 Stichus
442 1231 548 1296 ordini
561 1229 747 1295 fabularum
763 1231 968 1316 alphabetico
984 1269 1019 1278 —
1038 1245 1073 1296 nt
1089 1233 1221 1298 breuius
1245 1257 1341 1318 quam

201 1331 335 1396 latinius
359 1332 465 1396 dicam
489 1371 530 1378 -
553 1331 674 1417 optimc
696 1333 818 1396 inserta
841 1335 901 1398 sit:

482 1491 617 1573 linitores
657 1485 765 1550 l'laut.
789 1493 909 1552 Poemel.
933 1487 1014 1571 prol.
1038 1489 1090 1552 48.

483 1609 605 1666 possum
655 1587 1001 1670 Ptaut.snca..11‚2‚
1026 1591 1077 1654 lai.

658 1688 764 1754 Plaut.
789 1687 922 1754 Poehul.

654 1791 759 1855 Lucil.
784 1791 852 1856 Sat.
875 1792 931 1857 lib.
955 1793 1051 1857 XIX.

484 1916 577 1972 arpos
654 1893 765 1957 Attius
790 1894 968 1979 Eurysace.

653 1996 764 2060 Attius
788 1995 914 2059 Medea.

480 2105 584 2162 enula
651 2097 776 2180 Vergil.
801 2120 911 2182 georg.
936 2097 998 2162 lll.

482 2205 631 2280 aestimari
652 2199 760 2264 Plaut.
789 2204 957 2264 Trinummo
981 2200 1024 2264 ll.
1054 2203 1078 2282 1,
1102 2203 1153 2263 21.

651 2301 768 2364 Afran.
792 2301 944 2386 Vopisco.
1014 2297 1021 2314 '

652 2403 756 2466 Varro
780 2403 905 2488 Pappa.

191 2558 271 2642 quin
293 2559 320 2621 si
343 2557 468 2620 Nonius
492 2565 605 2642 postea
627 2556 757 2620 demum
774 2578 902 2620 uersum
919 2579 936 2620 e
952 2557 1063 2622 Sticho
1080 2557 1226 2623 adlatum
1248 2561 1336 2622 inue-

191 2661 295 2724 nisset
317 2669 349 2723 et
371 2659 557 2739 adiecisset,
581 2656 669 2721 nullo
693 2671 789 2744 pacto
812 2657 977 2744 explicare
1001 2683 1185 2746 possemus
1207 2661 1261 2746 qui
1289 2662 1334 2724 l'a·

191 2774 280 2827 ctum
314 2761 357 2836 sit
390 2771 426 2825 ut
459 2759 514 2824 ille
547 2783 630 2845 quac
658 2770 773 2846 postea
804 2761 974 2824 inuenerat
1009 2773 1084 2826 ante
1113 2785 1151 2827 ea
1180 2763 1347 2827 scriberet·

192 2886 275 2948 quae
304 2865 368 2927 iam
397 2861 472 2928 stilo
501 2849 717 2929 ruandauerat
744 2884 849 2948 neque
876 2864 983 2948 potius
1011 2873 1088 2949 post
1110 2887 1163 2944 ca,
1192 2864 1225 2927 id
1249 2864 1334 2946 quod

190 2965 293 3031 multo
317 2966 421 3048 magis
445 2964 708 3051 respondetque
731 2986 860 3049 semper
881 2963 983 3049 pollet
1004 2963 1237 3050 neglegentiae
1251 2965 1334 3029 incr·
1407 3002 1411 3009 -

191 3070 329 3153 tiaeque.
374 3067 471 3130 immo
501 3066 528 3130 si
558 3067 687 3130 omnino
710 3065 941 3131 commentario
965 3089 1043 3129 usus
1067 3077 1133 3147 cst,
1162 3065 1203 3130 ad
1227 3065 1332 3131 Plaut.

192 3167 293 3234 Stich.
319 3167 363 3249 ll,
387 3171 418 3249 2,
441 3169 483 3232 45
506 3191 544 3232 ca
561 3167 703 3233 Nonium
726 3166 867 3231 arbitror
888 3168 1053 3231 inuenisse
1069 3167 1235 3246 adnotata,
1252 3192 1334 3254 (luae

191 3295 217 3336 s.
242 3294 273 3333 u.
296 3291 417 3349 possum
440 3269 537 3334 hodie
560 3268 708 3354 legimus.
747 3268 917 3333 transtulit
939 3279 1047 3334 autem
1070 3269 1334 3355 explanationem

190 3373 223 3436 in
247 3372 376 3438 lexicon
405 3393 513 3452 suum,
542 3371 696 3458 ascripsit
725 3393 856 3436 uersum
886 3371 927 3436 ad
956 3393 1051 3456 quem
1074 3395 1112 3436 ca
1135 3373 1224 3436 iacta
1252 3385 1333 3454 erat,

191 3472 321 3538 addidit
343 3473 482 3558 denique
511 3472 696 3558 exemplum
723 3473 808 3559 quod
838 3473 872 3536 in
894 3476 1123 3539 commentario
1153 3484 1222 3538 orat
1245 3475 1332 3539 adla-

189 3585 271 3640 tum.
301 3597 404 3660 neque
421 3583 534 3638 contra
555 3575 746 3639 ‘sententiam
770 3575 854 3639 hane
868 3575 950 3639 facit
966 3575 1053 3660 quod
1069 3598 1167 3640 uersu
1190 3599 1206 3640 e
1223 3576 1332 3640 Sticho

189 3676 345 3742 Plautina
367 3675 538 3761 desumpto
560 3699 624 3741 non
649 3675 805 3761 probetur
825 3699 946 3756 passum
969 3678 1123 3743 uocabuli
1146 3676 1331 3763 explicatio.

190 3801 263 3843 cum
288 3779 373 3842 euim
395 3775 592 3843 uocabulum
615 3777 696 3842 illud
718 3781 751 3842 in
774 3778 921 3864 exemplo
938 3779 1026 3865 quod
1042 3779 1191 3865 equidem
1213 3781 1330 3865 prima-

188 3881 274 3944 rium
303 3901 374 3944 esse
404 3887 511 3944 statuo
533 3879 725 3944 adhibeatur
754 3881 796 3944 ad
825 3880 899 3944 uela
927 3881 1033 3944 uentis
1067 3880 1182 3944 inflata
1210 3881 1330 3964 signifi-

188 3983 313 4062 canda,
341 3981 463 4066 optime
485 3991 719 4048 commentator
747 3982 848 4068 aliqui
870 3982 1027 4047 adnotare
1055 3991 1183 4068 poterat
1207 4004 1330 4060 passam

186 4090 313 4164 proprie
335 4104 475 4162 raporum
497 4105 560 4148 csse
582 4093 615 4146 et
636 4083 732 4148 huius
756 4084 1004 4168 significationis
1028 4081 1212 4149 testimonia
1234 4083 1331 4148 istae

188 4184 333 4250 Poenulo
357 4183 510 4250 Plautina
525 4193 556 4248 et
578 4185 697 4250 Lucilii
719 4188 839 4250 saturis
863 4186 982 4251 addere
1006 4185 1060 4249 ubi
1084 4185 1124 4248 de
1147 4207 1212 4247 uua
1234 4208 1331 4268 passa

188 4287 314 4352 dictum
347 4296 397 4350 est
427 4296 459 4350 et
495 4294 600 4365 raposr'
625 4295 769 4368 passique
796 4310 881 4352 senes
913 4288 1131 4352 nominantur.
1182 4286 1329 4350 Stichum

188 4397 297 4453 autem
311 4387 455 4462 fabulam
467 4387 502 4450 in
514 4387 597 4452 libro
612 4412 674 4474 quo
687 4390 841 4454 utebatur
853 4388 881 4452 N
885 4388 988 4466 onina,
1000 4386 1137 4452 infuisse
1149 4386 1330 4452 luculenter

189 4498 325 4576 apparet
347 4489 504 4558 coeteris
528 4491 697 4556 ordinibus
720 4492 763 4555 cf.
786 4513 817 4576 p.
841 4491 904 4554 210
925 4512 973 4576 sq.
996 4489 1059 4554 532
1082 4513 1129 4576 sq.
