3160 5130
612 307 860 382 '-os-

179 491 271 554 ribus
293 490 469 555 uerborum
493 488 721 574 explicationis
744 499 776 553 et
792 488 893 554 Gellii
909 488 1061 574 (XVIII,
1086 490 1140 573 12)
1165 489 1328 554 Seruiani·

179 613 243 677 quo
266 589 330 656 loci
351 590 441 654 haud
464 592 620 673 exiguum
642 601 708 655 tres
732 589 806 655 illos
829 590 1059 675 grammaticos
1081 590 1221 654 eProbo
1244 610 1327 653 com-

180 694 269 757 muni
285 701 419 758 auctore
435 714 496 755 sua
511 690 673 758 delibasse
689 690 907 776 colligendum
923 691 1067 756 uidetur.
1096 690 1183 777 quod
1199 692 1327 754 acutius

179 817 278 882 quam
289 796 398 859 uerius
415 793 577 857 iudicasse
590 793 696 856 uirum
712 793 842 856 doctum
859 793 1009 859 arbitror.
1033 813 1172 877 namque
1187 793 1327 877 primum

179 905 356 961 concentus
379 895 464 958 inter
485 893 644 960 Seruiana
667 894 769 959 uerba
791 904 823 959 et
845 893 996 958 Noniana
1017 894 1150 958 minime
1173 894 1221 956 ita
1243 914 1327 957 com·

181 1006 316 1083 paratus
340 996 473 1060 uidetur
487 1005 523 1060 ut
545 997 654 1060 statim
676 1005 851 1081 utrumque
867 1015 909 1060 ex
931 994 1046 1060 eodem
1061 995 1210 1058 hausisse
1233 995 1330 1058 liceat

180 1108 335 1163 statuere.
387 1098 523 1162 Seruius
562 1098 648 1161 enim
688 1095 922 1161 Sallustianum
961 1097 1160 1182 exemplum,
1200 1096 1326 1161 Nonius

179 1224 211 1286 p.
234 1199 308 1281 472,
334 1201 370 1262 11
394 1197 529 1278 Lucilii,
552 1198 660 1263 Plauti
682 1221 715 1284 p.
737 1197 811 1279 475,
835 1197 1045 1280 enarranti,
1068 1198 1204 1279 Lucilii,
1227 1198 1325 1280 Attii,

179 1301 278 1364 Ennii
301 1300 447 1386 protulit.
493 1299 627 1365 Seruius
656 1298 803 1370 tradidit,
814 1297 958 1364 Probum
987 1297 1204 1364 differentiam
1227 1321 1326 1385 quan-

180 1401 256 1465 dam
278 1401 433 1466 statuisse
456 1403 541 1466 inter
563 1403 703 1466 actiuarn
726 1399 864 1464 formam
887 1411 920 1463 et
940 1402 1125 1486 passiuam,
1149 1400 1237 1486 apud
1260 1386 1326 1464 No-

179 1503 270 1566 nium
293 1503 363 1568 eius
386 1503 433 1566 rei
455 1525 515 1567 nec
537 1502 612 1567 uola
634 1524 694 1566 nec
722 1503 910 1586 uestigium.
954 1502 1027 1587 ipsa
1056 1501 1196 1588 denique
1223 1503 1327 1567 uerba

179 1603 243 1669 alio
266 1613 402 1690 uterque
424 1605 535 1690 posuit
558 1605 672 1669 ordine
694 1614 791 1689 atque
814 1626 853 1667 nc
876 1603 937 1668 hoc
959 1602 1091 1689 quidem
1113 1603 1326 1688 premendum

180 1714 231 1769 est
253 1706 342 1792 quod
364 1714 396 1769 et
419 1705 543 1770 Nonius
567 1717 599 1770 et
622 1705 749 1770 Gellius
772 1705 885 1769 eadem
908 1704 1062 1769 adferunt
1083 1707 1201 1788 uerba3
1229 1705 1325 1771 debe-

180 1809 260 1872 bant
282 1808 368 1872 enim
393 1807 427 1869 in
449 1807 510 1871 hae
532 1830 568 1882 re
590 1807 658 1871 fere
681 1807 795 1872 eadem
817 1807 987 1872 nominari.
1026 1805 1151 1872 Gellius
1175 1814 1279 1871 autern
1297 1810 1324 1870 si

179 1911 220 1973 ad
243 1908 486 1994 contemplandi
508 1931 623 1974 uocem
646 1908 923 1994 comprobandam
951 1909 1037 1972 idem
1060 1906 1246 1973 Plautinum
1269 1908 1324 1972 ad-

179 2005 385 2097 lribct'quod
413 2010 555 2092 Nonius,
582 2009 809 2095 ¹dubitandum
837 2021 886 2076 est
913 2033 954 2074 an
986 2012 1093 2096 potins
1121 2011 1186 2096 ipsi
1215 2010 1322 2075 Gellio

179 2111 365 2198 exemplum
405 2111 486 2176 illud
522 2112 647 2176 Nonius
685 2111 836 2178 debuerit
874 2135 948 2176 curn
986 2117 1178 2197 praesertim
1217 2110 1323 2175 Plauti

180 2215 405 2279 testimonium
421 2221 587 2292 contemplo
602 2213 747 2277 lemmati
770 2225 916 2278 extremo
941 2213 1070 2276 demum
1093 2211 1162 2276 loco
1184 2213 1323 2277 affixum

178 2317 230 2380 sit.
275 2315 400 2380 accedit
422 2314 509 2401 quod
533 2337 574 2378 ne
594 2315 779 2378 Priscianus
803 2305 934 2400 quidem
962 2323 1071 2400 potest
1093 2313 1323 2380 difficultatem

178 2420 343 2504 expedire.
398 2417 426 2480 is
459 2416 545 2480 enim
579 2417 728 2502 quamuis
761 2440 792 2503 p.
822 2417 899 2499 393,
937 2415 956 2480 9
989 2416 1131 2481 Probum
1168 2417 1323 2499 nominet,

177 2529 286 2584 tamen
314 2518 394 2584 alios
422 2541 549 2605 quoque
579 2517 688 2582 adfert
717 2529 874 2583 auctores.
919 2518 967 2581 sic
995 2529 1105 2582 autem
1133 2518 1220 2604 apud
1249 2541 1323 2582 curn

178 2635 241 2684 est:
267 2626 331 2684 ‘sed
351 2632 380 2684 et
400 2641 500 2684 eorum
522 2632 552 2685 et
571 2628 756 2700 superiorum
771 2627 899 2684 omniurn
922 2642 992 2684 usus
1011 2630 1071 2683 tom
1092 2625 1178 2699 apud
1193 2624 1323 2699 Capram

177 2745 266 2802 prtum
289 2728 374 2801 optut
396 2728 523 2787 Plinium
550 2735 579 2788 et
601 2727 730 2786 Probum
759 2730 913 2790 inuenies?
957 2722 1036 2807 quid
1064 2743 1106 2785 ex
1134 2722 1183 2785 his
1213 2723 1322 2786 uerbis

178 2825 347 2910 sequitur?
377 2823 422 2888 nil
451 2826 567 2910 opinor
593 2826 656 2890 nisi
684 2827 744 2890 hoc
772 2825 977 2888 Priscianum
1005 2833 1073 2888 tam
1096 2824 1196 2909 Capri
1225 2845 1321 2909 quarn

177 2925 277 2990 Plinii
293 2925 455 3012 Probique
471 2925 572 2991 libros
596 2927 790 3013 inspexisse.
828 2948 893 3012 qua
914 2947 949 2988 re
965 2925 1080 2989 eodem
1095 2927 1164 2988 iure
1180 2924 1322 2989 Plinium

177 3028 274 3092 Nonii
297 3036 465 3092 auctorem
489 3027 597 3092 dicere
612 3029 719 3115 possis
736 3050 808 3091 cum
824 3029 1017 3114 praesertim
1034 3035 1125 3091 extet
1140 3026 1321 3090 simillimus

177 3130 267 3194 locus
291 3130 398 3194 Seruii
420 3131 477 3195 ubi
500 3131 613 3194 codem
636 3129 731 3193 modo
754 3140 851 3216 atque
874 3129 917 3194 ad
939 3131 1021 3192 Aen.
1046 3129 1075 3210 I,
1101 3129 1162 3192 194
1184 3129 1320 3210 Probus,

177 3233 303 3295 Plinius
333 3231 516 3318 appelletur
538 3234 631 3296 testis
656 3231 712 3317 (cf.
737 3234 778 3296 ad
801 3234 883 3296 Aon.
907 3231 985 3316 Vll,
1008 3231 1096 3315 273).
1139 3231 1199 3295 hoc
1221 3233 1323 3315 igitur

177 3334 210 3398 in
232 3335 339 3397 medio
362 3332 556 3421 relinquitur
579 3355 675 3421 quem
702 3335 843 3398 maxime
865 3357 906 3398 cx
935 3333 1039 3398 tribus
1067 3333 1133 3397 illis
1160 3355 1322 3418 gramma-

177 3437 249 3500 ticis
273 3445 403 3500 secutus
428 3437 471 3500 sit
486 3436 627 3519 Nonius;
652 3459 848 3522 quamquam
863 3435 976 3520 negari
991 3435 1105 3521 nequit
1121 3437 1163 3500 ad
1178 3437 1321 3503 Probum

176 3547 330 3624 tanquam
353 3548 649 3603 uerum'auctorem
671 3539 741 3602 cius
757 3536 898 3602 frustula
914 3538 1036 3620 redire,
1061 3537 1198 3603 dubium
1214 3549 1321 3602 tamen

176 3651 226 3704 est
248 3663 325 3704 num
348 3663 387 3704 ea
410 3640 473 3725 ipsi
495 3640 603 3705 Probo
627 3639 788 3705 debuerit.
833 3639 891 3704 scd
919 3648 956 3702 ut
978 3640 1165 3704 Priscianus
1189 3650 1221 3705 et
1243 3641 1320 3705 Dio-

175 3742 287 3806 medes
310 3742 460 3828 pluribus
483 3742 534 3805 usi
556 3750 633 3806 sunt
654 3742 800 3806 fontibus
824 3742 871 3806 sic
894 3741 990 3806 etiam
1007 3741 1148 3806 Nonium
1170 3765 1235 3806 non
1257 3765 1320 3806 uno

176 3868 193 3909 e
215 3845 307 3909 fonte
330 3845 388 3908 sed
410 3867 428 3908 e
450 3842 599 3928 pluribus
622 3844 739 3931 capitis
756 3843 886 3928 septimi
901 3843 1012 3928 copias
1029 3845 1232 3929 expiscatum
1250 3865 1321 3908 esse

175 3946 303 4010 duabus
332 3946 538 4031 potissimum
572 3947 670 4011 rebus
706 3945 748 4010 ad
782 3946 1101 4011 uerisimilitudinem
1135 3945 1320 4009 adducitur.

175 4070 251 4112 nam
272 4049 333 4112 hoc
355 4070 482 4134 quoquc
499 4049 604 4135 capite
618 4071 692 4114 oum
708 4047 840 4114 ordines
857 4046 1080 4134 exemplorum
1096 4047 1205 4112 adsint
1227 4047 1321 4133 eique

174 4151 287 4235 paucis
311 4153 458 4236 exceptis
480 4173 613 4236 prorsus
630 4151 743 4216 eodem
766 4151 860 4214 modo
876 4149 1083 4236 excipiantur
1097 4160 1194 4234 atque
1217 4150 1320 4235 primo

175 4261 206 4315 et
228 4251 362 4338 reliquis
386 4252 566 4338 capitibus,
590 4254 713 4318 eisdem
736 4252 778 4316 ad
795 4251 940 4337 singulos
962 4254 1137 4338 scriptores
1160 4273 1319 4315 cormnen-

175 4354 268 4416 tariis
290 4377 363 4418 eum
379 4377 472 4418 usmn
497 4377 569 4418 esse
587 4365 677 4441 patet
699 4378 778 4441 quos
803 4357 901 4419 etiam
917 4354 997 4419 alibi
1020 4355 1224 4439 excerpsisse
1246 4377 1320 4418 curn

176 4465 208 4520 et
230 4456 371 4520 uidimus
395 4466 428 4521 et
449 4456 534 4521 infra
550 4460 746 4523 uidebimus
782 4455 899 4522 deinde
915 4466 1023 4521 autern
1048 4457 1076 4520 si
1099 4479 1140 4521 ex
1155 4479 1219 4520 uno
1236 4456 1318 4523 libro
