3160 5126
188 508 231 574 ad
259 533 290 594 p.
318 509 360 574 26
388 517 468 574 uari.
513 532 595 595 quae
629 509 760 595 quidem
792 507 948 573 lemmata
981 510 1009 573 si
1037 509 1110 594 quis
1139 509 1183 573 ad
1211 509 1335 574 iontem

189 633 342 676 reuocare
366 612 509 675 animum
532 611 701 676 induxerit
722 610 818 675 facile
841 611 876 675 in
898 608 1068 674 consilium
1091 610 1194 696 possit
1216 633 1335 677 uocare

188 715 280 778 Festi
301 712 406 778 loeum
432 714 487 798 (cf.
510 737 542 800 p.
560 713 637 800 375)
661 715 761 777 hunc:
786 720 892 791 uulpes
915 717 1041 793 Opellius
1063 719 1204 778 Aurelius
1224 720 1336 793 aliique

188 822 355 896 complures
387 822 472 880 uiuat
504 821 566 880 diei
597 821 651 894 qui
681 820 819 888 dianeos
849 835 939 880 surus
965 819 1104 879 habeant.
1149 821 1277 879 Plautus
1304 822 1336 879 in

191 923 286 981 Milite
305 923 451 995 eteriano:
481 922 553 996 ‘qui
569 923 647 981 telos
668 923 789 982 uitiosos
808 924 952 981 maiorem
976 928 1097 996 purtem
1126 922 1231 980 uidem
1253 924 1339 994 salpi

189 1025 299 1084 souiis'
333 1030 362 1083 et
395 1025 426 1084 ia
457 1022 616 1098 Silitereo:
653 1020 716 1084 ‘sia
749 1040 786 1082 ea
814 1024 888 1082 mihi
913 1025 1067 1098 insipuitos
1088 1040 1201 1098 pueros
1227 1026 1337 1100 periet

187 1132 293 1200 postea
316 1131 370 1186 eut
389 1141 498 1186 aarum
526 1132 580 1186 aut
608 1128 731 1200 eulpam
764 1133 817 1186 out
843 1141 1030 1200 compernem
1058 1131 1113 1186 rut
1138 1131 1261 1200 paetum
1284 1133 1337 1186 aut

190 1228 348 1288 uacuam
367 1231 490 1300 filium)
518 1224 584 1286 iam
607 1245 706 1310 supra
717 1245 759 1286 ex
775 1221 901 1287 Aurelii
915 1221 1029 1309 Opillii
1054 1221 1157 1308 copiis
1180 1222 1337 1313 nonnulla

190 1326 224 1388 in
251 1325 351 1390 Nonii
384 1325 505 1391 librum
534 1325 694 1410 migrasse
722 1346 794 1389 eum
827 1323 1033 1389 docuerimus
1067 1331 1205 1411 cumque
1238 1324 1335 1390 facile

191 1427 263 1490 fieri
274 1428 416 1512 potuerit
428 1436 464 1491 ut
475 1427 517 1491 ad
529 1427 668 1492 alterum
680 1427 861 1491 alterumue
873 1449 1004 1491 uersum
1016 1426 1212 1504 Plautinum,
1226 1427 1261 1489 in
1273 1448 1336 1511 quo

190 1550 288 1594 uoces
311 1529 493 1615 corporalia
522 1529 603 1593 uitia
629 1539 781 1595 notantes
806 1528 981 1593 admodum
1004 1526 1226 1609 cumulantur,
1250 1549 1365 1611 com-7

191 1639 353 1711 mentator
381 1631 482 1717 aliqui
512 1630 552 1696 de
578 1633 659 1716 ipsis
686 1630 752 1694 illis
780 1629 950 1695 uocabulis
980 1640 1175 1715 exponeret,
1204 1629 1337 1694 nonita

193 1741 318 1798 remota
354 1734 396 1799 ab
434 1735 507 1802 ueri
543 1732 756 1798 similitudine
789 1731 919 1797 uidetur
956 1731 1118 1796 sententia
1154 1731 1338 1796 Nonianum

193 1835 431 1920 expositionem
465 1857 506 1899 ex
540 1835 699 1900 eiusmodi
728 1833 936 1899 adnotatione
964 1834 1111 1898 fluxisse.
1155 1833 1213 1897 sed
1236 1833 1337 1897 disee-

194 1934 336 1999 dendum
359 1947 409 2002 est
431 1937 473 2001 ab
488 1937 550 2001 hac
565 1939 693 2003 ratione
708 1935 861 2022 quoniam
877 1935 1050 2019 Silitergus
1066 1933 1219 1998 Plautina
1234 1956 1338 2018 neque
1351 1977 1352 1982 κ

192 2059 331 2123 usquam
354 2059 374 2102 a
395 2038 501 2102 Nonio
524 2041 712 2104 nominatur
733 2024 838 2124 neque
860 2039 894 2101 in
916 2038 962 2102 eis
986 2037 1105 2122 quibus
1122 2058 1201 2100 usus
1217 2046 1268 2101 est
1282 2034 1338 2099 ille

194 2139 438 2205 commentariis
473 2140 576 2204 fuisse
608 2140 755 2220 uidetur,
789 2141 909 2226 quippe
942 2139 998 2223 qui
1024 2131 1088 2202 nisi
1115 2136 1338 2203 Varronianus

193 2239 322 2305 fabulas
346 2236 584 2327 explioauerint
604 2240 723 2323 nullas,
746 2241 823 2328 quia
845 2241 984 2326 denique
1006 2237 1131 2303 nullum
1154 2237 1337 2324 exemplum

192 2345 226 2410 in
248 2342 306 2406 illa
329 2343 413 2407 serie
435 2365 467 2428 p.
482 2342 609 2407 22-25
624 2343 778 2414 adfertun
787 2341 984 2407 Plautinum.
1011 2341 1108 2406 immo
1131 2340 1338 2427 proficiscen-

194 2446 270 2509 dum
285 2443 416 2509 uidetur
432 2466 451 2508 a
466 2445 574 2530 eapite
590 2443 675 2508 XIV
692 2450 730 2508 de
742 2465 853 2524 periere
873 2449 1063 2521 nauipiorum
1082 2443 1169 2528 quod
1184 2442 1338 2506 Hertqus

196 2544 229 2630 (l.
252 2544 274 2613 l.
302 2570 335 2633 p.
363 2546 440 2630 798)
476 2555 508 2610 et
529 2533 668 2611 Rothius
703 2548 751 2632 (in
782 2545 936 2611 Suetonio
964 2568 996 2631 p.
1019 2542 1187 2628 LXXIII)
1217 2545 1339 2630 optimo

193 2649 264 2713 iure
287 2649 444 2734 suspicati
467 2647 607 2712 suntad
630 2648 821 2713 Suetonium
844 2670 915 2712 esse
936 2644 1156 2714 referendum.
1200 2667 1339 2730 namque

195 2750 341 2814 Isidorus
359 2749 476 2835 (origg.
492 2748 592 2834 XIX)
615 2773 711 2835 quem
731 2761 764 2814 et
779 2752 884 2834 ipsum
908 2771 967 2812 sua
983 2749 1025 2813 ab
1042 2747 1197 2812 Suetonio
1212 2757 1338 2812 mutua-

195 2865 263 2918 tum
287 2875 357 2916 esse
380 2861 507 2916 constat
529 2851 576 2915 sic
597 2860 634 2915 ut
656 2851 781 2916 Nonius
811 2851 852 2914 de
873 2849 1024 2930 nauibus,
1048 2847 1219 2928 aedificiis,
1240 2847 1338 2912 uesti-

195 2955 256 3020 bus
280 2953 432 3039 deinceps
449 2954 612 3040 exposuit.
634 2952 695 3018 hoo
711 2965 743 3018 et
758 2951 831 3016 aliis
848 2951 1049 3035 argumentis
1070 2951 1167 3013 nixus
1183 2949 1339 3013 Hertzius

198 3057 320 3120 diserte
343 3054 501 3140 explicuit
523 3065 668 3120 extrema
689 3053 746 3118 illa
769 3054 866 3119 Nonii
888 3051 998 3138 capita
1013 3075 1032 3115 a
1047 3050 1201 3116 Suetonio
1222 3049 1275 3114 uel
1298 3050 1340 3114 ab

197 3158 267 3221 eius
291 3166 422 3222 auctore
444 3157 591 3221 Varrone
615 3155 671 3240 (de
693 3157 764 3221 uita
778 3179 853 3242 pop.
870 3155 978 3239 Rom.)
1003 3177 1074 3218 esse
1089 3151 1245 3218 delibata.
1275 3152 1340 3216 iam

195 3257 297 3342 igitur
320 3258 400 3322 haec
423 3258 451 3320 si
473 3281 550 3323 uere
572 3260 739 3344 disputata
762 3268 848 3339 sunt,
872 3255 917 3320 nil
935 3253 1142 3341 probabilius
1172 3263 1221 3318 est
1243 3274 1341 3338 quam

196 3359 287 3423 illum
310 3382 439 3445 quoque
462 3361 608 3425 ordinem
631 3359 672 3425 de
694 3359 785 3423 uitiis
808 3356 1033 3445 corporalibus
1056 3357 1246 3421 aSuetonio
1269 3377 1341 3420 esse

195 3461 425 3549 repetendum,
455 3483 550 3548 quem
578 3460 617 3527 de
645 3460 759 3526 eadem
788 3483 824 3526 re
853 3460 1065 3544 cognouimus
1099 3459 1133 3522 in
1159 3466 1253 3545 prato
1282 3479 1341 3521 suo

197 3562 392 3628 disseruisse
417 3561 507 3646 (uide
529 3562 790 3628 Reifferscheidii
811 3562 966 3650 reliquias
990 3562 1079 3626 Suet.
1095 3583 1128 3647 p.
1143 3560 1233 3646 272),
1250 3561 1341 3623 cuius

196 3665 359 3751 expositio
387 3687 461 3729 cum
491 3665 643 3730 Noniana
674 3665 701 3728 si
732 3665 839 3729 minus
872 3663 1035 3748 congruit,
1070 3662 1341 3728 Suetonianorum

196 3767 455 3852 fragmentorum
478 3767 629 3832 tenuitati
650 3768 712 3831 hoe
734 3764 943 3832 tribuendum
966 3787 1038 3829 esse
1061 3787 1155 3830 nemo
1178 3762 1320 3848 negabit.

656 4009 883 4084 -ffll—
941 4096 945 4108 1

283 4175 392 4256 Quam
428 4173 463 4239 in
490 4174 676 4260 quaerendo
704 4173 792 4238 uiam
819 4173 925 4238 adhuc
952 4173 1093 4257 ingressi
1117 4193 1245 4253 sumus,
1269 4195 1341 4236 eam

197 4300 284 4341 nunc
316 4274 585 4362 derelinquimus:
619 4275 683 4341 hue
716 4277 801 4340 enim
834 4298 936 4361 usque
965 4284 1002 4339 ut
1030 4297 1071 4338 ex
1099 4275 1171 4359 ipsa
1198 4274 1343 4339 Noniani

197 4379 303 4465 operis
327 4377 560 4462 compositione
582 4378 700 4464 quibus
723 4378 870 4443 fontibus
892 4375 946 4440 ille
977 4399 1055 4440 usus
1079 4376 1121 4439 sit
1142 4375 1343 4459 inuestigare

197 4479 393 4544 studuimus.
421 4490 497 4546 sunt
512 4489 620 4544 autem
634 4478 796 4566 permulta
816 4478 969 4542 lemmata
991 4499 1074 4564 quae
1097 4485 1191 4541 extra
1208 4477 1341 4544 ordines
