3160 5130
648 351 768 416 -17
814 389 855 398 „.

173 547 270 612 quem
293 525 328 589 in
351 525 468 588 ceteris
493 523 656 610 capitibus
680 509 907 588 obseruamus.
946 533 1022 588 sunt
1037 523 1123 587 enim
1138 545 1166 587 e.
1183 545 1216 608 g.
1232 523 1320 588 dein-

173 649 249 713 ceps
273 627 372 714 positi
396 626 527 690 ordines
550 625 598 689 hi:

216 745 369 810 lemmata
391 745 517 809 30-40
540 749 611 821 (usu
629 781 666 790 -—
681 751 833 824 βοείη).-

396 847 522 910 44-51
548 854 695 925 (stuprum
713 885 750 892 -
766 854 985 927 cornprcssus):

397 949 523 1012 86-88
548 953 744 1022 (euclu’nnure
762 987 798 996 —
816 953 956 1026 adsero:
979 949 1125 1014 Attiana.

397 1051 525 1116 89-90
548 1055 689 1129 (sastipe'e
705 1087 743 1096 -
761 1060 948 1132 cernerem:
964 1051 1117 1116 M.Tullii
1132 1053 1322 1117 testimonia

600 1151 733 1218 euers
756 1137 797 1217 ue
821 1144 938 1218 omens
961 1154 1075 1239 petita.

397 1255 521 1318 91-97
546 1259 670 1332 (smuor
685 1293 726 1302 —
741 1263 922 1335 inseruero:
945 1254 1147 1339 Vergiliana.

1029 795 1190 862 Plautina.

171 1385 246 1461 post
268 1374 434 1439 Ciceronis
458 1375 643 1438 testimonia
666 1396 708 1436 ex
731 1372 879 1436 Verrinis
910 1346 1103 1460 depromptb
1132 1375 1256 1458 (lcmm.
1281 1376 1320 1440 78

172 1487 204 1541 et
227 1476 282 1563 79)
311 1477 394 1540 bene
425 1476 534 1561 posita
562 1483 639 1538 sunt
666 1473 838 1538 Luciliana
862 1473 1015 1559 (81:82.)
1039 1474 1318 1540 Varronianarum

172 1589 357 1644 saturarum
381 1576 532 1663 exempla
555 1574 676 1660 (lemm.
703 1577 798 1659 1-4)
822 1586 898 1661 apte
921 1577 1130 1664 excipiuntur
1153 1577 1317 1643 Sisennia·

171 1682 223 1746 nis
246 1679 456 1759 testimoniis,
479 1701 564 1765 quae
587 1689 620 1743 et
642 1680 715 1764 ipsa
737 1677 895 1762 exemplis
920 1678 1031 1764 petitis
1055 1678 1254 1744 eOlceronis
1279 1681 1319 1745 de

172 1793 300 1848 oratore
321 1781 422 1852 libris¹
440 1779 560 1867 (lemm.
581 1780 717 1864 11-13)
742 1779 947 1844 antecedunt.
986 1791 1084 1866 atque
1106 1803 1146 1844 ne
1168 1781 1320 1846 Gelliana

172 1883 305 1971 quidem
329 1883 451 1968 (lemm.
474 1883 526 1946 26.
549 1883 605 1968 27)
628 1891 742 1947 contra
764 1903 885 1946 morem
912 1891 986 1969 post
1009 1882 1167 1948 Varronis
1191 1893 1318 1948 saturas

175 1989 298 2071 (lemm.
324 1984 462 2071 15—24)
487 1989 596 2071 posita
617 1994 701 2048 sunt.
724 2021 766 2030 -

256 2103 360 2168 Vides
389 2087 490 2188 igitur
518 2091 699 2191 perpaucas
729 2104 828 2166 series
850 2125 989 2188 prorsus
1019 2105 1060 2168 ab
1088 2105 1174 2169 iusto
1204 2104 1318 2168 ordine

171 2207 325 2272 recedere
335 2205 385 2290 ¹⁴),
408 2228 513 2292 neque
535 2204 713 2269 timendum
737 2216 788 2270 cst
810 2227 867 2268 eae
891 2227 931 2268 ne
959 2205 1038 2291 quid
1061 2205 1184 2269 faciant
1206 2215 1319 2270 contra

173 2309 436 2375 obseruationem
468 2318 622 2372 nostram.
674 2306 806 2372 uidetur
833 2318 943 2372 autem
971 2307 1095 2372 Nonius
1129 2329 1183 2371 eos
1218 2307 1318 2372 libros

172 2433 190 2474 e
213 2411 333 2498 quibus
357 2409 486 2474 ordines
503 2409 690 2495 exscripsit,
714 2431 841 2493 semper
857 2409 969 2472 codem
992 2410 1102 2472 ordine
1125 2409 1317 2494 inspexisse,

172 2512 207 2577 id
237 2511 325 2598 quod
358 2510 434 2574 inde
462 2512 604 2576 fortasse
633 2510 798 2596 explicare
826 2533 998 2597 possumus
1027 2509 1115 2596 quod
1141 2511 1175 2572 in
1202 2510 1317 2574 biblio-

171 2615 269 2680 theca
291 2613 402 2698 aliqua
423 2613 534 2697 copias
559 2634 633 2675 suas
656 2612 832 2695 congessit,
854 2611 887 2674 in
911 2634 975 2698 qua
996 2634 1037 2674 ne
1059 2611 1216 2676 librorum
1239 2612 1318 2675 ordo

171 2715 362 2780 turbaretur
384 2713 514 2798 singula
535 2714 703 2777 uolumina
725 2736 854 2799 semper
882 2713 996 2780 eodem
1025 2713 1139 2778 ordine
1162 2736 1317 2802 reponere

174 2817 319 2882 deberet.

256 2935 318 3000 His
347 2945 456 2999 autem
485 2933 661 3020 disputatis
691 2933 787 3000 facile
814 2933 972 2999 concedes
1001 2933 1063 2998 hoc
1090 2957 1218 3020 quoque
1248 2935 1316 2999 fieri

172 3039 318 3124 potuisse
346 3057 575 3122 nonnunquam
607 3045 644 3099 ut
671 3057 771 3099 unum
800 3035 917 3098 lemma
945 3037 1040 3121 quasi
1067 3059 1125 3122 pro
1154 3039 1269 3102 ordine
1299 3060 1318 3099 u

172 3140 278 3204 Nonio
301 3149 485 3226 poneretur.
530 3139 588 3202 uix
610 3139 695 3202 enim
718 3137 914 3202 dubitationi
944 3138 1004 3201 erit
1033 3139 1211 3202 obnoxium
1240 3139 1316 3226 quin

172 3241 300 3327 singula
322 3240 476 3305 lemmata
498 3240 626 3305 litterae
649 3241 677 3304 Τ
701 3242 735 3304 in
757 3240 864 3326 capite
880 3239 976 3304 tertio
991 3239 1137 3304 indidem
1160 3240 1318 3304 fluxerint

170 3342 256 3407 unde
279 3342 410 3408 ordines
433 3343 467 3405 in
490 3343 606 3408 ceteris
630 3342 805 3428 capitibus.
850 3341 1038 3407 testimonia
1065 3342 1151 3406 enim
1182 3365 1315 3428 prorsus

172 3444 285 3510 eodem
309 3444 423 3510 ordine
447 3467 518 3508 sese
542 3445 709 3530 excipiunt
732 3468 795 3530 quo
820 3445 919 3508 series
943 3445 1040 3531 primi
1063 3445 1195 3532 capitis:

216 3563 333 3628 lemma
353 3565 451 3627 3-4:
475 3563 585 3628 Plauti
609 3564 805 3630 testimonia.

413 3665 448 3730 5:
473 3665 618 3730 Lucretii
642 3665 873 3730 testimonium.

412 3766 444 3829 6:
469 3768 554 3850 Attii
577 3768 807 3831 testimonium.

415 3869 447 3932 ἵε
470 3867 591 3932 Lucilii
613 3869 844 3933 testimonium.

380 4043 382 4048 ¹
414 3971 449 4033 8:
474 3970 608 4034 Pacuuii
632 3971 865 4036 testimonium.

413 4072 446 4134 9:
470 4072 627 4137 Varronis
656 4082 768 4137 satura
797 4073 944 4137 adfertur
971 4075 1024 4137 cui
1053 4072 1175 4158 duplex
1198 4071 1314 4136 titulus

500 4185 560 4239 cst.

395 4276 446 4341 ll:
472 4275 621 4341 Sallustii
644 4278 876 4342 testimonium.

239 4518 281 4581 14)
301 4519 330 4566 in
349 4515 445 4566 tabula
465 4517 575 4567 adiecta
593 4519 679 4567 series
698 4516 765 4568 illae
785 4517 904 4566 numeris
924 4515 1065 4565 inclinatis
1083 4519 1223 4570 notantur.

222 4606 328 4656 Schmidt,
343 4607 369 4647 de
384 4605 444 4647 Nonii
461 4607 553 4648 lllarcslli
569 4613 622 4647 auur.
638 4619 727 4658 grcrnnr.
1092 4605 1109 4660 2
