3160 5130
731 375 898 436 n3..

332 546 482 630 Longum
506 555 554 609 est
577 544 685 612 omnia
708 543 860 608 lemmata
882 543 934 608 hio
957 548 1147 608 enumerare
1167 544 1223 609 ubi
1239 545 1395 630 primaria

250 646 401 732 exempla
423 646 524 711 altero
547 647 677 710 denium
706 645 759 710 ucl
787 645 883 710 tertio
912 645 983 711 loco
1007 645 1115 733 posita
1144 656 1229 710 sunt.
1268 656 1319 710 sat
1346 657 1396 710 est
1426 662 1428 668 '

250 751 336 812 enim
360 751 442 811 scire
465 750 608 816 Nonium
636 771 700 814 non
725 771 854 833 semper
881 770 919 812 ea
940 747 1043 812 uerba
1071 748 1105 810 in
1136 748 1296 834 principio
1319 748 1395 813 lem-

251 860 371 916 matum
388 853 546 934 posuisse,
570 872 706 937 quorum
731 843 982 936 explieationem
1005 848 1149 935 aliquam
1164 851 1198 913 in
1213 850 1304 915 libris
1328 852 1396 916 suis

250 956 421 1018 inuenerat
443 961 541 1039 atque
557 953 786 1038 exscripserat.
817 975 894 1016 num
910 961 1019 1015 autem
1035 953 1221 1016 testimonia
1243 951 1300 1016 illa
1321 964 1398 1018 ante

251 1055 406 1141 primaria
428 1054 579 1140 exempla
601 1055 709 1140 posita
724 1077 767 1118 ex
782 1053 897 1120 eodem
919 1053 1010 1119 fonte
1033 1052 1188 1119 fluxerint
1204 1063 1301 1140 atque
1316 1055 1398 1120 haec

252 1159 326 1243 ipsa
348 1157 390 1221 ab
413 1156 473 1222 hoc
496 1155 565 1221 loco
588 1153 731 1220 alienum
754 1165 803 1220 est
826 1177 993 1242 quaerere.

339 1259 445 1324 Venio
469 1280 556 1321 nunc
579 1257 622 1322 ad
646 1280 683 1321 ea
705 1257 859 1322 lemmata
881 1280 965 1344 quae
988 1256 1119 1322 ordines
1141 1280 1176 1321 re
1199 1280 1279 1323 uera
1301 1259 1397 1323 inter-

255 1370 426 1450 rumpunt,
454 1360 526 1425 dico
551 1370 660 1424 autem
689 1382 728 1423 ea
755 1382 838 1444 quae
861 1358 951 1423 nulla
973 1360 1132 1445 praebent
1161 1358 1312 1447 exempla
1334 1360 1399 1426 nisi

252 1453 295 1530 ¹ab
325 1463 438 1528 ordine
466 1464 537 1549 ipso
567 1461 683 1526 aliena.
734 1462 902 1546 ingeniose
930 1461 1062 1546 quidem
1097 1462 1137 1525 de
1166 1463 1212 1540 cis
1242 1462 1400 1549 explicuit

255 1562 544 1631 Schottmuellerus
568 1562 588 1628 l.
613 1562 634 1626 l.
658 1586 689 1649 p.
714 1563 786 1628 826.
815 1563 1053 1638 demonstrauit
1075 1565 1159 1628 enim
1183 1586 1399 1649 magnacum

197 1721 200 1728 .
253 1665 549 1732 uerisimilitudinis
566 1665 674 1750 specie
696 1665 769 1728 illas
787 1686 915 1751 quoque
930 1665 1033 1742 λέξεις
1048 1687 1128 1750 quas
1145 1666 1249 1752 primo
1267 1676 1401 1753 aspectu

255 1769 386 1836 aliunde
428 1767 596 1833 ordinibus
637 1769 780 1831 intrusas
821 1789 892 1830 esse
926 1766 1059 1831 credere
1093 1769 1256 1854 quispiam
1287 1769 1401 1854 possit,

256 1871 386 1959 saepius
411 1871 452 1934 ad
476 1869 614 1933 eundern
637 1869 763 1933 fontem
778 1869 979 1932 reuocandas
997 1891 1078 1948 esse,
1104 1869 1258 1955 adquam
1277 1880 1401 1935 ceteras

255 1971 361 2037 ordini
389 1981 465 2056 apte
493 1972 641 2035 insertas.
696 1991 834 2055 namque
857 1969 1000 2034 Nonium
1024 1969 1057 2035 in
1079 1972 1165 2035 bunc
1188 1972 1320 2038 modurn
1338 1972 1401 2036 fre-

256 2082 392 2159 quenter
414 2072 608 2158 compilasse
631 2095 650 2135 a
673 2069 944 2136 Schottmuellero
968 2073 1047 2137 satis
1074 2073 1288 2160 probabiliter
1309 2076 1402 2140 doce·

256 2198 329 2241 mur
352 2184 388 2238 ut
409 2196 508 2240 unam
531 2173 797 2240 commentatoris
815 2172 1056 2238 adnotationem
1072 2175 1273 2263 discerperet
1288 2177 1322 2240 in
1338 2177 1402 2241 duo

257 2277 430 2356 lemmata,
464 2277 556 2344 unde·
585 2276 685 2341 fiebat
716 2286 753 2340 ut
787 2275 925 2341 alterum
957 2275 1077 2340 lemma
1109 2279 1295 2353 testimonio
1333 2280 1402 2343 eius

258 2379 426 2464 scriptoris
450 2379 542 2443 cuius
565 2378 761 2444 testimoniis
784 2376 864 2444 ordo
888 2377 1105 2462 efficiebatur,
1129 2389 1265 2445 careret.
1307 2389 1405 2466 atquc

257 2481 434 2567 probatum
458 2489 507 2544 est
535 2481 596 2546 hoc
625 2480 757 2566 quidem
780 2482 850 2544 sine
879 2478 947 2544 ulla
969 2479 1175 2546 dubitatione
1198 2483 1232 2545 in
1254 2480 1405 2547 lemmate

259 2589 419 2662 depeream.
470 2583 504 2645 in
538 2581 708 2647 ordinibus
749 2581 909 2646 Plautinis
950 2581 1054 2646 simile
1087 2583 1182 2648 adest
1220 2582 1406 2670 exemplum

258 2684 366 2771 eapite
400 2683 513 2770 quinto
545 2708 576 2770 p.
607 2684 678 2749 421.
724 2684 897 2750 inchoatur
925 2684 971 2748 ibi
999 2684 1079 2748 ordo
1108 2685 1184 2750 inde
1212 2709 1232 2749 a
1253 2685 1404 2751 lemmate

259 2793 372 2867 cupido
386 2799 415 2850 ei
430 2807 531 2869 amor,
556 2787 643 2872 quod
660 2798 770 2850 autem
793 2786 941 2872 sequitur
956 2799 1104 2871 emarcet
1120 2794 1247 2868 dilipere
1263 2787 1405 2852 alienum

259 2888 390 2954 uidetur
418 2889 460 2953 ab
490 2889 605 2954 ordine
634 2889 786 2975 quoniam
819 2886 968 2976 exemplo
1000 2886 1151 2953 Plautino
1185 2899 1284 2954 caret.
1330 2889 1406 2953 licet

259 3001 369 3056 tamen
403 2989 456 3054 hic
493 2991 629 3056 eandem
667 2989 917 3079 explicationem
954 2989 1109 3055 adhibere
1143 3013 1239 3076 quarn
1277 2991 1404 3055 Schott-

259 3092 434 3158 muellerus
457 3093 490 3157 in
514 3095 618 3179 primo
646 3093 765 3179 capite.
810 3095 865 3178 qui
895 3093 980 3156 enim
1003 3093 1042 3156 de
1070 3100 1221 3173 cupidinis
1243 3105 1271 3155 ei
1293 3099 1405 3156 amoris

260 3194 457 3274 notionibus,
481 3195 508 3259 is
532 3193 629 3258 facile
653 3193 828 3258 adducitur·
850 3203 886 3258 ut
909 3194 1006 3258 etiarn
1030 3193 1162 3258 amandi
1191 3205 1223 3258 ct
1246 3193 1405 3278 diligendi

263 3296 517 3380 significantiam
546 3294 699 3380 explicet.
745 3295 831 3380 quod
860 3295 991 3381 quidem
1019 3318 1122 3380 genus
1151 3294 1338 3360 lemmatum
1362 3295 1403 3360 ab

263 3396 433 3463 ordinibus
458 3395 638 3460 alienorum
662 3419 858 3482 quamquam
881 3395 997 3462 adesse
1020 3399 1132 3482 negari
1155 3399 1268 3485 nequit
1275 3447 1283 3478 ,
1312 3396 1406 3484 plura

264 3509 373 3564 tamen
396 3499 548 3562 lemmata
570 3519 605 3560 re
628 3520 707 3561 uera
729 3497 860 3562 aliunde
884 3498 1051 3564 ordinibus
1076 3524 1146 3564 esse
1168 3500 1295 3564 intrusa
1309 3498 1406 3564 facile

263 3599 475 3685 intellegitur.
515 3598 611 3662 ualde
627 3599 712 3663 enim
729 3599 843 3666 dubito
859 3624 937 3666 num
955 3601 1018 3665 tria
1040 3600 1096 3664 illa
1118 3603 1270 3666 lemmata
1293 3605 1405 3686 (piteli-

263 3723 345 3780 ceos,
370 3707 497 3777 illicere,
527 3702 638 3785 mutus)
662 3702 758 3788 primi
782 3702 1008 3769 Plautinorum
1038 3704 1259 3789 exemplorum
1282 3704 1406 3768 ordinis

264 3812 396 3889 propter
429 3801 571 3889 aliquam
605 3803 674 3867 siue
707 3803 924 3890 etymologiae
958 3806 1028 3868 siue
1056 3805 1305 3890 significationis
1335 3829 1406 3870 curn

264 3903 531 3970 antecedentibus
556 3903 659 3969 titulis
683 3908 942 3971 communionem
965 3929 1041 3971 suos
1057 3908 1146 3972 locos
1170 3907 1349 3988 obtineant,
1372 3907 1408 3970 id

264 4005 352 4092 quod
385 4004 656 4073 Schottmuellero
689 4008 795 4072 uisum
825 4019 884 4073 est.
934 4009 1087 4072 Hertzius
1118 4011 1202 4074 enirn
1231 4009 1406 4074 admodum

265 4106 480 4195 probabiliter
510 4117 659 4188 paelicem
691 4111 808 4175 lemma
841 4111 948 4176 Gellio
978 4110 1222 4175 attribuendum
1254 4133 1325 4174 esse
1354 4111 1406 4174 dc-

265 4205 461 4276 monstrauit
489 4208 545 4295 (cf.
569 4211 589 4274 l.
614 4212 635 4276 l.
658 4237 689 4299 p.
715 4213 801 4296 716).
847 4223 943 4297 atque
971 4234 1006 4274 re
1035 4233 1112 4276 uera
1140 4211 1270 4299 quidem
1300 4212 1406 4278 Gellio

265 4311 321 4377 illo
344 4312 414 4378 loco
443 4335 537 4376 usum
567 4336 638 4378 esse
666 4313 808 4376 Nonium
838 4323 970 4377 auctore
1000 4315 1028 4376 si
1055 4336 1121 4379 non
1144 4312 1226 4395 alia,
1249 4314 1303 4378 vel
1325 4312 1407 4378 illud

265 4421 414 4503 sapientes
437 4425 548 4492 pulani
574 4437 725 4498 magnam
753 4423 862 4478 mouet
890 4414 1118 4500 suspicionem.
1170 4436 1230 4479 nec
1263 4415 1405 4502 suspicio

265 4540 331 4582 non
354 4524 493 4601 augetur
515 4538 553 4580 ea
567 4538 603 4580 re
625 4515 713 4602 quod
729 4515 816 4601 apud
832 4515 977 4584 Nonium
999 4517 1073 4604 ipsa
1096 4515 1165 4582 fere
1181 4516 1281 4584 Gellii
1302 4518 1405 4584 uerba
