3160 5130
720 311 762 318 Η
811 274 933 334 ro-

251 444 416 532 eapitibus
439 443 525 510 VIII
549 453 582 508 et
605 443 707 508 XVII
730 464 857 529 semper
873 441 1010 506 eundem
1026 440 1132 505 locum
1156 441 1304 507 obtinent
1326 451 1405 526 post

250 546 409 610 Varronis
439 556 567 610 saturas
597 567 661 610 uno
696 544 792 610 titulo
825 545 1011 630 inscriptas.
1063 544 1264 610 Sallustiana
1292 553 1404 607 autem

251 658 406 712 secuntur
428 648 618 735 plerumque
642 669 696 712 cas
719 647 878 712 Varronis
903 657 1028 712 saturas
1059 647 1178 732 quibus
1207 645 1405 733 duplex'est

251 750 433 834 inscriptio.

251 891 254 896 ·
336 868 531 957 Vbicunque
559 893 637 935 uero
665 867 889 957 exemplorum
916 869 1015 932 series
1039 877 1170 950 extant,
1201 867 1313 931 eodem
1335 866 1403 953 ple-

253 993 389 1058 rumque
412 971 526 1036 ordine
550 995 621 1036 sese
645 975 795 1058 excipere
819 969 939 1051 solent,
968 973 1016 1034 ita
1042 969 1135 1033 utin
1158 968 1292 1034 alterius
1315 971 1403 1055 oapi-

253 1074 295 1136 tis
319 1073 437 1138 litteris
460 1075 499 1154 B,
523 1075 567 1155 D,
591 1075 631 1155 Il,
657 1076 692 1155 Il,
717 1075 758 1157 G,
782 1073 827 1155 H,
851 1075 888 1150 L,
913 1073 960 1154 M,
982 1073 1023 1156 N,
1046 1070 1091 1152 Ο,
1116 1070 1160 1152 Τ,
1184 1071 1217 1134 in
1241 1071 1330 1136 tertii
1351 1070 1404 1135 lit·

254 1176 331 1239 teris
355 1177 397 1255 A,
421 1175 464 1254 D,
489 1176 526 1254 F,
551 1176 587 1252 P,
614 1175 652 1256 S,
677 1176 717 1258 T,
740 1178 774 1240 in
796 1175 904 1261 capite
925 1175 969 1255 V,
994 1174 1060 1254 IX,
1085 1173 1172 1254 XII,
1195 1173 1300 1257 XIII,
1324 1173 1403 1254 XV,

253 1275 350 1359 XVI,
376 1275 488 1354 XVII,
516 1276 637 1341 XVIII
653 1301 692 1342 ne
708 1301 791 1343 unus
809 1277 941 1365 quidem
964 1275 1042 1340 ordo
1059 1276 1245 1340 inueniatur
1260 1273 1332 1341 loco
1355 1274 1403 1338 in-

255 1386 438 1464 expectato.
481 1378 686 1466 Quamquam
703 1390 811 1445 antem
830 1379 958 1467 saepius
982 1377 1165 1464 complures
1189 1379 1289 1442 series
1314 1376 1403 1441 dein-

256 1502 332 1566 ceps
357 1483 483 1568 positae
506 1491 582 1545 snnt
604 1481 710 1547 alieno
735 1481 823 1561 loco,
847 1491 956 1547 tamen
978 1505 1019 1544 ne
1042 1492 1111 1545 tum
1134 1481 1266 1566 quidem
1288 1480 1404 1547 solitus

255 1583 333 1647 ordo
358 1603 491 1669 prorsus
515 1583 667 1664 uiolatur,
691 1584 845 1670 quoniam
868 1585 960 1670 ipsae
983 1586 1082 1648 series
1106 1606 1188 1670 quae
1211 1582 1319 1670 paullo
1343 1593 1401 1647 aut

256 1685 346 1773 prius
369 1695 427 1749 aut
449 1697 522 1773 post
545 1685 697 1770 leguntur
720 1709 817 1773 quam
841 1696 1064 1773 expectamus,
1089 1709 1201 1750 rursus
1224 1689 1309 1751 inter
1332 1707 1405 1749 sese

257 1787 354 1852 solito
377 1809 466 1852 more
490 1789 636 1872 digestae
659 1787 795 1872 sunt¹³).
841 1788 1008 1875 Exempla¹
1026 1788 1053 1851 si
1076 1788 1216 1874 quaeris,
1240 1789 1274 1851 in
1297 1787 1405 1873 capite

157 1899 161 1909 “
257 1888 359 1953 altero
381 1887 537 1953 lemmata
560 1887 661 1951 8-21
687 1885 816 1953 litterae
840 1893 870 1954 A
893 1900 1160 1976 praetermorem
1183 1889 1335 1953 uidentur
1349 1911 1405 1974 po-

258 1992 322 2054 sita
343 1989 465 2076 quippe
488 2011 571 2076 quae
588 1987 658 2054 loco
675 1989 778 2056 multo
794 1993 975 2078 posteriore
991 2001 1216 2079 expectentur.
1254 1989 1320 2055 Sed
1334 1993 1407 2076 ipsa

258 2113 329 2155 sese
352 2091 400 2155 sic
423 2092 593 2177 excipiunt
614 2100 651 2156 ut
674 2091 757 2157 alias
780 2093 928 2159 ordines:

322 2210 438 2275 8-10:
464 2210 651 2276 testimonia
674 2235 691 2275 e
714 2212 871 2278 Varronis
895 2215 1014 2279 saturis
1039 2212 1243 2300 deprompta.

305 2312 444 2378 11-12:
468 2311 629 2378 Gelliana.

282 2414 443 2478 ‘ra-14:
467 2415 746 2504 Varronianarum
770 2429 954 2484 saturarum
978 2417 1172 2482 testimonia.

305 2515 443 2579 lta-17:
468 2516 633 2610 Ciceronis
656 2519 844 2584 testimonia
868 2544 884 2585 e
907 2521 1000 2586 libris
1024 2520 1064 2584 de
1086 2519 1205 2584 finibus
1229 2519 1342 2605 petita.

391 2618 445 2680 19:
470 2613 627 2684 Sisennae
650 2620 883 2685 testimonium.

303 2718 444 2783 20-21:
468 2718 619 2806 exempla
640 2744 658 2785 e
681 2721 848 2788 Ciceronis
879 2735 1006 2790 oratore
1035 2733 1067 2788 et
1096 2724 1291 2817 dearctare
1314 2723 1406 2786 libris

506 2821 688 2909 desumpta.

261 2939 295 3003 in
327 2939 438 3005 littera
462 2942 487 3004 O
511 2943 628 3029 capitis
660 2942 794 3010 alterius
822 2943 973 3033 exempla
996 2945 1162 3024 Plautina,
1192 2944 1407 3024 Varroniano,

262 3040 430 3124 Gelliana,
463 3044 581 3109 iterum
611 3047 749 3134 deniqne
777 3048 983 3113 Varroniana
1011 3069 1208 3134 quamquam
1237 3057 1332 3110 extra
1360 3069 1408 3112 or-

262 3144 369 3207 dinem
398 3145 504 3230 posita
540 3145 711 3229 uidentur,
742 3151 827 3215 inter
860 3173 932 3214 sese
966 3161 1073 3214 tamen
1108 3158 1239 3212 seruant
1273 3149 1409 3234 etipsa

267 3244 394 3308 solitam
418 3245 539 3330 legem:

559 3364 712 3432 lemmata
734 3369 876 3432 30-32:
901 3368 1065 3433 Plautina.

733 3469 874 3533 33-40:
897 3469 1112 3535 Varroniano.

733 3572 877 3636 41-45:
902 3570 1059 3639 Gelliana.

734 3673 872 3739 91-92:
896 3673 1112 3739 Varroniana.

267 3787 416 3851 similiter
446 3798 553 3854 autern
578 3790 610 3853 in
634 3789 743 3856 littera
767 3793 792 3854 P
816 3793 855 3856 de
879 3792 1039 3858 lemmatIs
1065 3795 1189 3857 19-34
1220 3805 1252 3858 ct
1274 3795 1409 3875 35-47,

267 3892 300 3951 in
325 3888 434 3954 littera
456 3891 478 3954 S
502 3891 542 3954 de
564 3891 725 3978 lemmatis
748 3894 875 3956 24--30
897 3893 1124 3960 iudicabimus.

349 4008 495 4072 Maxime
518 4011 660 4072 omnium
684 4023 814 4077 sextum
838 4023 937 4098 caput
959 4014 1099 4078 discedit
1128 4017 1169 4079 ab
1194 4016 1288 4081 solito
1312 4039 1409 4080 more.

266 4131 370 4193 nequo
399 4120 507 4174 tamen
536 4111 587 4174 liic
618 4111 750 4197 quidem
785 4115 903 4178 desunt
935 4117 1078 4200 uestigia
1110 4117 1255 4180 eiusdem
1289 4119 1411 4184 ordinis

338 4349 379 4410 13)
398 4349 449 4399 hoe
469 4351 515 4400 ubi
536 4352 638 4402 laetum
659 4358 701 4402 eat
726 4355 754 4403 ln
778 4354 875 4404 tabula
895 4356 1005 4406 adiecta
1024 4357 1143 4406 numeris
1163 4358 1312 4408 asteriscus
1331 4374 1412 4424 appo·

269 4435 339 4484 situs
360 4439 408 4496 est,
431 4437 544 4499 primum
566 4442 657 4486 autem
678 4437 799 4487 ordInem
821 4441 923 4488 muneri
939 4442 1040 4490 crassis
1060 4442 1132 4506 typis
1146 4445 1269 4507 expressi
1284 4445 1414 4494 indicant.

1190 4868 1572 5108 „ml
