3160 5130
632 363 843 428 ..67-

672 532 843 597 Lucretius
866 531 923 596 lib.
947 532 1007 597 VI.

670 633 756 697 idem
779 634 836 699 lib.
860 634 902 699 V.

671 735 832 800 Pacuuius
856 737 964 802 Medo.

611 849 614 856 '
670 839 783 902 Attius
806 838 955 904 Bacchis.

669 938 815 1003 Lucilius
841 941 908 1005 Sat.
932 939 990 1006 lib.
1014 941 1076 1006 XI.

350 1041 399 1104 15.
422 1062 456 1103 es
671 1039 817 1106 Lucilius
842 1042 910 1106 Sat.
934 1042 990 1108 lib.
1015 1043 1180 1108 XXVIII.

668 1147 850 1223 Pomponius
872 1149 990 1208 Muccis
1010 1152 1144 1223 pominis.

348 1246 395 1308 16.
420 1243 567 1330 amplanl
673 1244 835 1308 Pacuuius
859 1245 997 1312 Teucro.

346 1347 395 1410 17.
420 1347 553 1432 aperibo
673 1351 854 1426 Pomponius
884 1353 1088 1414 Vernionibus.

280 1495 287 1512 .
345 1447 397 1511 27.
421 1447 555 1533 oporibo
672 1453 852 1528 Pomponius
875 1454 1037 1527 Praefecio
1059 1473 1183 1518 morum.

343 1550 395 1614 28.
417 1549 540 1636 paribit
670 1555 849 1631 Pomponius
871 1556 1035 1629 Praefecto
1057 1574 1181 1619 morum.

344 1653 396 1715 29.
419 1653 637 1737 peruenibunt
673 1656 854 1732 Pomponius
876 1659 1009 1733 Ppiinone
1033 1661 1192 1733 Gorponio.

344 1755 396 1818 30.
419 1755 553 1819 reddibo
672 1753 808 1819 Plautus
832 1754 1014 1821 Vidularia.

344 1857 395 1919 31.
418 1856 615 1942 reporibitur
673 1861 851 1937 Pomponius
873 1865 969 1922 Annio
986 1869 1181 1939 posteriora

669 1957 804 2023 Plautus
828 1957 976 2046 Epidico

670 2061 831 2126 Caecilius
856 2061 1059 2128 Obolostate.

645 2319 743 2398 Caput
764 2322 817 2383 x1.

160 2459 194 2523 p.
216 2437 294 2501 516.-

189 2537 307 2603 lemma
328 2539 380 2603 57.
404 2539 541 2605 lorbitcr
671 2545 851 2618 Pomponius
875 2545 1050 2606 Auctoruio.

329 2641 378 2704 58.
402 2642 528 2727 puriter
671 2647 853 2722 Pomponius
896 2647 1044 2720 Aruspice
1086 2652 1135 2710 uei
1185 2658 1307 2725 peciore

419 2749 421 2757 ’
711 2751 835 2809 rustico.

669 2845 794 2910 Nouius
817 2845 955 2929 Virgine
977 2860 1189 2932 praegnante..

331 2949 382 3012 59.
392 2947 657 3014 rouerccunditor
674 2954 851 3027 Pomponius
873 2949 981 3010 Moneo
1004 2955 1132 3026 nirpine.

246 3169 337 3234 Haec
354 3169 464 3235 omnia
478 3171 520 3235 ab
539 3190 576 3233 eo
589 3168 729 3234 Nonium
749 3180 931 3234 mutuatum
953 3191 1025 3233 csse
1039 3171 1094 3255 qui
1111 3170 1305 3258 Pomponia-

162 3294 221 3335 nas
245 3273 387 3336 maxime
415 3271 544 3336 fabulas
568 3271 717 3336 tractarit
744 3274 802 3336 ccix
827 3272 1010 3356 negaueris.
1056 3273 1129 3358 quis
1152 3295 1230 3337 uero
1252 3273 1308 3342 ille

160 3375 261 3437 fuerit
278 3374 442 3458 glossator
458 3396 498 3437 an
516 3381 751 3438 commentator
768 3372 941 3438 decernere
957 3395 1094 3459 nequeo.
1123 3375 1306 3462 quicunque

160 3485 270 3539 anilem
290 3477 363 3556 fuit,
386 3477 448 3540 hoc
469 3485 619 3540 constare
641 3476 773 3540 uidetur
796 3475 1013 3541 eruditionem
1033 3476 1102 3542 eius
1119 3500 1248 3542 rursum
1265 3480 1306 3542 od

161 3578 323 3663 principes
352 3581 581 3662 grammaticos
609 3578 760 3656 rediisse,
788 3577 820 3641 id
850 3579 937 3663 quod
969 3576 1151 3644 luculenter
1179 3602 1197 3642 e
1226 3579 1304 3644 locis

161 3681 247 3744 infra
269 3681 419 3764 asoripfis
443 3690 589 3766 apparet.

163 3902 246 3964 Non.
270 3924 301 3986 p.
327 3901 374 3966 18.
412 3906 570 3966 nebulones
592 3911 620 3964 ei
642 3905 826 3965 tenebrioncs
848 3907 922 3966 dicii
942 3917 1010 3965 suni
1032 3909 1083 3980 qui
1097 3909 1261 3967 mendaciis
1279 3917 1307 3968 ei

289 4009 407 4067 osiniiis
433 4009 495 4066 suis
523 4007 659 4066 nebulam
688 4009 841 4080 quondum
869 4016 897 4066 ci
924 4008 1062 4067 tenebras
1097 4010 1225 4068 obiciunt
1254 4021 1308 4070 nni

289 4110 395 4182 quibus
417 4110 460 4166 nu
482 4107 593 4180 supum
613 4107 756 4180 supiiiuis
778 4117 806 4166 ci
824 4108 912 4180 furio
934 4111 1010 4168 irnec
1032 4117 1120 4168 crnni
1141 4127 1304 4171 accommo-

296 4211 370 4269 doin
392 4217 421 4269 ei
442 4211 539 4270 utilio.

165 4306 249 4371 uest.
274 4330 305 4394 p.
331 4308 401 4371 165.
446 4311 552 4369 nebulio
584 4313 680 4371 dicius
712 4320 769 4389 esi,
799 4320 831 4372 ui
858 4315 900 4372 nii
922 4315 1023 4372 Aelius
1046 4313 1137 4382 Stilo,
1168 4315 1220 4386 qni
1247 4333 1306 4376 non

288 4415 386 4500 pluris
419 4421 461 4471 esi
492 4428 580 4486 quom
614 4414 721 4472 rucinia
756 4424 808 4474 nm
839 4431 927 4489 quom
956 4431 1014 4472 non
1044 4413 1142 4486 focile
1173 4420 1310 4492 perspici

288 4517 383 4588 possit
405 4517 502 4587 muniis
524 4518 571 4574 sit.

1063 4618 1104 4675 5*
