3160 5130
660 361 849 422 ,5--

180 528 435 614 locupletissima
471 529 582 594 adlata
620 552 853 616 usquequaque
886 530 1032 595 inuenire
1071 532 1168 596 facile
1207 534 1323 616 potuit.

180 654 279 717 quare
303 631 331 695 si
354 654 470 696 uersus
493 633 568 696 hine
591 631 643 697 uel
667 630 757 696 illine
779 630 898 696 adsoiti
920 633 1043 700 iustum
1060 633 1206 698 ordinem
1226 634 1324 698 inter-

179 721 344 819 rumpunt,
368 756 433 798 non
456 744 506 798 est
529 733 613 819 quod
637 732 733 798 ualde
755 735 919 798 miremur.
955 736 989 798 in
1011 736 1200 802 universum
1225 736 1325 822 igitur

178 836 292 919 negari
314 835 426 921 nequit
450 835 590 901 Nonium
618 835 804 901 testimonia
830 857 868 899 eo
891 835 1081 923 plerumque
1109 835 1222 904 ordine
1250 830 1323 925 pro-

178 937 280 1018 ferre,
310 959 373 1022 quo
397 936 484 1023 apud
513 937 602 1023 ipsos
625 942 805 1024 'scriptores
829 937 1048 1003 inueniuntur.
1077 941 1165 1025 quod
1194 941 1325 1026 quidem

177 1061 374 1126 quamquam
397 1039 539 1104 numeris
563 1037 701 1126 appietis
726 1038 948 1104 demonstrare
971 1042 1005 1104 in
1027 1042 1177 1106 omnibus
1202 1043 1323 1108 ordini-

177 1141 238 1206 bus
260 1142 450 1228 nequimus,
481 1141 557 1205 lieet
584 1150 694 1205 tamen
717 1141 877 1227 suspicari
900 1141 1037 1206 eandem
1060 1143 1211 1229 exempla
1228 1167 1324 1231 quae-

178 1243 273 1307 rendi
309 1243 468 1309 rationem
503 1243 536 1307 in
573 1244 620 1308 eis
658 1265 787 1330 quoque
823 1243 916 1308 libris
955 1243 1095 1309 citandis
1129 1245 1323 1311 Mareellum

177 1345 380 1426 adhibuisse,
405 1347 461 1432 qui
477 1354 661 1431 temporum
684 1344 809 1408 inuidia
832 1344 874 1409 ad
889 1356 1034 1412 nostram
1049 1348 1238 1412 memoriam
1258 1371 1322 1413 non

176 1457 405 1534 peruenerunt.
445 1470 542 1534 quam
569 1447 701 1534 quidem
730 1447 949 1532 suspicionem
979 1471 1018 1513 ea
1051 1449 1258 1535 potissimum
1288 1475 1322 1516 re

174 1549 361 1613 confirmari
378 1549 530 1630 arbitror,
554 1551 642 1635 quod
657 1551 842 1634 ubieunque
859 1557 974 1614 extant
990 1550 1120 1614 ordines
1137 1560 1322 1616 saturarum

176 1651 457 1716 Varronianarum
473 1652 544 1716 siue
560 1651 653 1732 Attii,
671 1651 854 1736 Pomponii,
873 1637 1004 1714 Afranii
1021 1651 1219 1734 fabularum,
1239 1655 1321 1718 eius-

174 1753 249 1818 dem
265 1754 334 1817 siue
350 1765 480 1819 saturae
504 1754 574 1817 siue
599 1751 731 1818 fabulae
754 1754 941 1816 testimonia
964 1757 1093 1839 semper
1108 1753 1205 1820 uideo
1227 1756 1322 1820 iuxta

175 1854 333 1920 collocata
355 1865 388 1921 et
410 1877 474 1920 uno
502 1854 573 1920 loeo
600 1854 695 1940 quasi
717 1855 921 1935 eonsoeiata,
950 1854 1041 1919 uelut
1066 1855 1101 1918 in
1123 1857 1185 1922 hoo
1208 1857 1321 1922 ordine

175 1957 456 2023 Varronianarum
479 1968 676 2022 saturarum:

281 2083 312 2144 p.
336 2061 393 2141 45,
415 2061 456 2126 32
478 2045 620 2123 inferum
869 2063 967 2123 Varro
989 2063 1121 2139 Morem.

337 2163 378 2226 46
480 2160 582 2246 Syrus
868 2165 967 2225 Varro
991 2165 1124 2242 Marcie.

480 2264 606 2326 euirare
867 2269 968 2326 Varro
991 2268 1124 2356 Mareigr.

479 2363 624 2430 ludibria
860 2363 958 2448 Verg.
981 2364 1039 2429 lib.
1062 2365 1122 2430 VI.

479 2467 580 2531 febris
865 2473 876 2530 t
882 2473 965 2530 'arro
987 2471 1104 2530 ,tadub

477 2567 642 2655 uulpinari
867 2574 964 2631 Varro
988 2573 1079 2649 Myst.

477 2670 644 2736 sufflatum
865 2675 964 2734 Varro
986 2676 1096 2750 Aeeta.

476 2783 702 2859 exporrectum
865 2778 964 2837 Varro
987 2778 1115 2856 Endym.

476 2878 635 2960 iugatum.
858 2876 927 2939 Cio.
952 2875 1050 2940 Tuso.
1074 2875 1096 2939 l.
1120 2875 1183 2940 ΙΙΙ.

479 2979 615 3063 prodius
864 2984 964 3041 Verre
994 2974 1078 3055 Virga
1104 2983 1165 3042 diu.

477 3081 631 3164 granaria
865 3084 962 3142 Varro
987 3085 1147 3143 Gerontocl.

478 3182 639 3248 torculum
866 3186 964 3244 Varro
988 3185 1151 3245 Gereatod.

477 3285 645 3370 cingillum
863 3290 961 3348 Varro
986 3286 1146 3348 Gereatod.
1190 3341 1192 3344 ,

476 3386 621 3452 Tutilina
865 3379 961 3448 Varro
982 3389 1075 3450 Here.
1099 3397 1180 3450 tuam
1200 3395 1253 3464 fid.

476 3490 626 3554 'l'utanus
863 3494 965 3551 Varro
987 3491 1078 3552 Here·
1102 3501 1182 3554 turim
1203 3497 1256 3566 fid.

476 3590 674 3656 silicernium
857 3589 1043 3654 Terentius.

862 3699 963 3756 Varro
986 3697 1136 3770 Meleaqr.

475 3795 698 3861 suffundatum
861 3801 961 3858 Varro
982 3815 1057 3876 ταφ.
1082 3797 1169 3858 Μεν.

475 3899 594 3963 odones
618 3910 650 3963 et
671 3899 806 3984 fagones
861 3904 961 3961 Varro
984 3917 1062 3976 ταφ.
1086 3897 1173 3958 Μεν.

475 4001 597 4065 elixum
862 4005 960 4064 Varro
982 4020 1060 4080 ταφ.
1083 3999 1170 4061 Μεν.

474 4125 611 4188 paraeos
802 4149 804 4154 ,
838 4107 960 4165 ¹Varro
982 4104 1130 4178 Sesquiul.

474 4203 608 4270 trossuli
861 4211 959 4269 Varro
981 4205 1126 4278 Sesquiul.

474 4306 643 4392 proboseis
863 4312 961 4370 Varro
984 4306 1139 4379 Sexaqesi.

475 4409 576 4474 eetari
854 4404 1032 4492 Vergilius.

863 4517 962 4573 Varro
983 4508 1094 4588 γνῶθι
1110 4507 1262 4572 σεαυτόν.
