3160 5130
677 403 707 408 -.
764 361 798 424 11
859 401 884 407 .-

431 539 540 594 mutus
668 533 781 614 [mam.
808 537 873 596 Mei.
895 541 935 611 pi.
962 535 1017 595 Ill
1040 532 1067 613 l,
1092 533 1156 614 70]

666 633 811 696 Naeuius
835 633 999 719 Lycurgo,

667 735 779 812 Attius
802 734 1006 820 Epinausinr.

432 836 624 921 dispeunerc
666 841 766 900 l’lnnt.
792 842 856 900 Mil.
877 842 921 915 pl.
953 843 988 918 V,
1015 839 1041 917 l,
1070 837 1116 899 ll.

289 937 434 1001 Nonium
462 947 571 1001 etitem
598 938 650 1001 uel
687 938 795 1023 potius
819 937 888 1001 eius
913 949 1078 1003 auctorem
1103 925 1351 1024 etpmelegicam

208 1038 372 1123 quandam
392 1036 622 1102 uocabulorum
633 1047 814 1104 exercuerim
826 1050 859 1104 et
869 1051 965 1104 matins
976 1039 1170 1106 affinitatem
1186 1062 1250 1103 nen
1266 1039 1352 1122 cegi—
1416 1095 1419 1102 .

208 1152 295 1204 tasse
317 1141 392 1206 inde
417 1141 619 1225 potissimum
643 1139 799 1207 credibile
823 1140 964 1224 uidetur,
987 1142 1073 1226 quod
1099 1140 1187 1226 rqrud
1211 1141 1352 1205 Nonium

208 1243 445 1307 communionis
468 1241 555 1308 illius
579 1245 698 1308 mentio
723 1244 812 1308 facta
834 1253 884 1308 cst
899 1241 995 1328 plane
1011 1242 1109 1306 nulla.
1145 1243 1197 1307 fae
1214 1242 1353 1327 denique

207 1354 496 1409 commentatorem
513 1366 687 1410 memorem
703 1345 805 1409 fnisse
821 1344 908 1408 illins
925 1344 1139 1429 etymologiae
1156 1347 1235 1408 satis
1253 1345 1353 1406 mirae

210 1468 252 1508 cx
276 1468 340 1529 qua
363 1453 503 1510 amussim
526 1445 711 1530 significare
735 1446 840 1510 uismn
864 1454 914 1510 est
936 1446 1160 1530 grammaticis
1188 1444 1352 1509 nonnullis

208 1569 267 1610 non
292 1547 450 1630 rsnrre¹¹)‚
480 1569 587 1612 nonne
612 1558 681 1612 tum
704 1546 804 1612 multo
827 1549 935 1633 potius
958 1560 1055 1612 matus
1077 1547 1196 1612 lemma
1226 1557 1351 1612 antece-

210 1647 289 1712 dere
312 1649 476 1714 debebat?

294 1749 385 1814 Mota
414 1760 522 1814 autem
551 1771 622 1813 esse
650 1773 881 1836 nonnunquam
914 1749 1065 1836 exempla
1093 1750 1250 1835 primaria
1282 1749 1352 1814 loeo

209 1874 268 1915 suo
292 1852 371 1916 satis
395 1850 536 1916 dilucide
559 1853 703 1915 cernitur
725 1877 743 1916 e
766 1849 861 1917 titulo
889 1852 945 1917 ille
968 1876 999 1938 p.
1024 1853 1075 1934 74,
1098 1854 1154 1916 23:
1186 1857 1350 1915 ‘auerrun-

208 1975 291 2030 carn,
315 1964 473 2018 auertere.
521 1953 666 2018 Lucilius
690 1954 746 2018 lib.
771 1954 903 2018 XXVI:
937 1961 970 2018 di
990 1962 1150 2020 minuerint
1173 1960 1352 2029 [mouerint]

208 2061 343 2130 meliore,
366 2063 528 2118 macarium
551 2063 801 2120 uuerrmrenssr'nl
821 2065 923 2121 tunm!
962 2057 1126 2120 Pacuuius
1150 2056 1265 2122 bledo:
1284 2078 1350 2135 pes

174 2142 272 2236 “snm
301 2179 356 2236 cpe
384 2164 472 2220 islam
500 2163 601 2236 eripite
629 2162 747 2221 cladem
774 2180 1040 2224 creterrnnccrsrere.
1085 2157 1130 2222 Μ.
1155 2157 1283 2222 Tullius
1313 2158 1353 2220 do

210 2258 331 2323 tinibus
350 2261 554 2324 bonorumet
571 2257 746 2323 malorum:
770 2265 805 2324 nr·
818 2267 988 2324 reniterent
1002 2268 1129 2325 meliore
1145 2271 1235 2339 etque
1250 2281 1351 2322 emen·

209 2366 279 2423 riam
303 2367 551 2424 rrrrerrnncnssinr
572 2361 699 2424 rnenml'
744 2361 837 2441 Quae
864 2361 983 2427 Lucilii
1002 2361 1133 2427 nomine
1162 2360 1354 2423 adseruntur

211 2485 249 2526 ea
273 2463 431 2525 uerbere
454 2483 532 2525 uera
554 2461 690 2526 Pacuuii
713 2485 784 2526 esse
812 2473 844 2526 et
866 2463 972 2528 Varro
996 2465 1087 2528 testie
1111 2461 1209 2546 est¹²)
1233 2461 1354 2547 etipse

210 2561 335 2626 Nonius
356 2562 412 2648 qni
427 2563 540 2628 eadem
554 2564 656 2628 uerba
673 2587 705 2650 p.
718 2564 843 2645 como
860 2565 1003 2629 Pacuuio
1020 2563 1183 2629 attribuit:
1202 2570 1354 2629 l‘ncnnr'ns

211 2671 336 2743 t'nrpse:
360 2670 394 2728 di
407 2674 557 2731 mouerint
572 2671 706 2731 meliora.
732 2666 789 2729 trix
806 2665 944 2752 denique
961 2677 1035 2751 eget
1047 2665 1353 2731 commemoratione

210 2767 347 2830 Paulum
370 2787 496 2853 quoque
519 2768 553 2830 in
575 2768 737 2853 excerptis
762 2769 851 2832 Festi
873 2790 903 2853 p.
926 2769 989 2832 373
1011 2781 1193 2833 uerrtmeent
1215 2767 1353 2830 eundem

212 2891 340 2931 uersum
369 2868 505 2933 Pacuuii
527 2869 658 2933 nomine
681 2869 841 2934 attulisse.
887 2871 1017 2933 uidetur
1046 2870 1147 2952 igitur
1169 2869 1354 2953 exemplum

211 2970 402 3055 primarium
419 2970 598 3048 excidisse;
620 2993 703 3058 quae
726 2993 804 3036 nero
821 2983 918 3037 antea
933 2971 1070 3035 Pacuuii
1087 2971 1220 3035 bomine
1242 2969 1354 3036 adlata

214 3083 317 3153 erant,
342 3095 380 3136 ca
403 3095 490 3137 nunc
512 3071 638 3137 Lucilio
663 3072 786 3158 tributa
808 3084 894 3137 sunt.

295 3173 372 3240 Alia
400 3175 539 3260 denique
573 3173 657 3239 ratio
690 3197 755 3259 qua
782 3175 936 3238 lemmata
963 3174 1005 3239 ab
1037 3174 1205 3239 ordinibus
1229 3175 1353 3239 absona

213 3286 284 3340 orta
312 3273 482 3360 uidentur,
511 3278 590 3340 baec
618 3286 690 3340 erat
711 3287 748 3340 ut
770 3299 844 3341 cum
873 3274 1057 3361 exemplum
1085 3275 1217 3364 aliquod
1241 3286 1355 3360 postea

213 3378 379 3443 inuentum
404 3376 547 3441 lemmati
564 3377 606 3442 ad
622 3379 709 3464 quod
725 3378 921 3464 pertinebat,
938 3378 1063 3442 Nonius
1080 3392 1237 3459 assueret,
1257 3379 1354 3442 simul

213 3479 301 3544 aliud
323 3479 442 3544 lemma
463 3477 505 3542 ad
528 3479 616 3563 quod
630 3503 672 3544 cx
688 3480 801 3544 eedem
817 3482 976 3566 scriptore
999 3480 1148 3565 exempla
1170 3480 1353 3565 eollegerat,

214 3581 400 3646 ascriberet.
444 3580 491 3646 ita
513 3581 636 3646 factum
660 3592 710 3647 est
733 3593 768 3645 ut
783 3605 880 3667 saepe
896 3593 1043 3647 extrema
1063 3580 1248 3648 lemmatum
1265 3584 1352 3647 tosti-

215 3682 321 3746 monia
343 3705 384 3746 ex
408 3683 522 3747 codem
551 3683 709 3767 scriptore
737 3683 911 3768 desumpta
934 3684 1000 3748 sint
1023 3707 1039 3748 e
1062 3707 1125 3770 quo
1154 3686 1352 3769 insequentis

214 3782 385 3847 lemmatis.
430 3794 467 3847 nt
494 3783 650 3869 exemplis
674 3795 761 3864 uta-r,
790 3785 866 3849 inde
889 3808 909 3848 a
931 3809 962 3872 p.
997 3787 1072 3866 175,
1100 3789 1138 3850 12
1165 3810 1233 3872 sqq.
1263 3794 1354 3848 extat

215 3877 454 3950 Luciliaaorum
471 3887 565 3968 ordo;
591 3887 838 3972 interrumpitur
853 3888 880 3951 is
897 3887 1023 3952 duobus
1039 3887 1199 3952 lemmatis
1222 3886 1353 3969 (supplo-

213 3994 322 4052 sionem
345 3997 378 4051 et
399 3989 721 4072 serperbiloquentinelr

284 4177 327 4240 11)
348 4177 391 4227 Ui.
410 4178 488 4229 Paul.
507 4195 532 4243 p.
552 4181 579 4228 6:
601 4179 741 4228 ‘amussim
755 4180 930 4244 regulariter,
950 4183 1067 4229 tractum
1082 4195 1098 4227 a
1110 4178 1215 4242 regula,
1227 4178 1260 4227 ad
1272 4192 1353 4241 quam

215 4261 318 4324 aliquid
338 4267 516 4327 exaequatur,
530 4279 601 4327 (pirae
621 4265 737 4312 amussis
755 4265 865 4317 dicitur,
902 4265 1013 4328 qnidam
1032 4264 1160 4314 amussim
1180 4278 1240 4315 esse
1258 4261 1354 4314 dicunt

214 4363 267 4397 non
286 4347 380 4410 tacite,
400 4347 469 4411 qnod
488 4348 597 4398 muttire
616 4348 748 4398 interdum
768 4348 869 4398 dieitur
887 4347 983 4413 ioqui)
1057 4369 1062 4378 ·

284 4434 325 4494 12)
345 4432 388 4482 cf.
409 4433 442 4482 de
461 4431 479 4482 1.
499 4432 517 4482 l.
538 4433 589 4483 VII
607 4433 630 4494 ἓ.
646 4435 693 4483 102
707 4433 882 4498 maltrapucr
895 4436 1043 4484 Pnernrr'nm:
1056 4435 1099 4484 dei
1109 4437 1232 4486 rnonerint
1249 4436 1354 4492 meliora

214 4527 289 4585 atqrre
307 4520 438 4570 ernerrtium
455 4521 674 4570 auerruncarsint.
