3160 5126
713 357 940 424 -138-

435 527 466 592 6.
489 525 619 612 glandis
810 531 887 591 Sall.
909 531 977 605 Iaa.
1002 537 1050 604 57,
1074 539 1102 590 4.

721 632 726 644 ’
813 627 936 712 Vergil.
960 629 1042 694 Aen.
1065 627 1123 694 lib.
1147 627 1221 692 VII.

438 732 467 795 l.
492 732 620 818 scorpio
813 735 889 794 Sall.
913 736 981 795 alst.
1005 735 1056 794 lla.
1079 734 1141 794 III.

813 833 939 898 Sisenn.
962 830 1041 895 hist.
1064 830 1120 897 lib.
1145 831 1209 895 ΙΙΙ.

436 937 465 1000 8.
490 935 637 1020 tragula*
813 939 889 998 Sall.
914 939 981 1000 aaa.
1005 937 1057 997 aa.
1080 936 1142 997 ΙΙΙ.

812 1035 910 1100 Varr.
934 1034 1090 1120 Meleagr.

437 1139 466 1202 9.
491 1140 588 1225 pugio
812 1142 886 1202 Sall.
906 1142 973 1201 aar.
998 1141 1048 1201 aa.
1072 1140 1135 1216 III.

419 1241 466 1307 10.
491 1239 622 1325 aclydes
814 1237 938 1322 Vergil.
961 1239 1045 1302 Aen.
1067 1237 1124 1302 lib.
1148 1235 1226 1301 VII.

288 1411 299 1425 ,
422 1344 471 1406 11.
495 1341 599 1406 ancile
812 1338 938 1424 Vergil.
964 1340 1045 1404 Aen.
1068 1337 1126 1402 lib.
1148 1335 1227 1400 VII.

417 1444 466 1509 12.
489 1443 622 1508 lanceae
813 1446 891 1506 Sall.
910 1447 1004 1506 nata
1030 1452 1079 1517 56,
1105 1451 1131 1502 3.

417 1546 465 1610 13.
490 1543 642 1631 phalerae
813 1548 888 1608 Sall.
913 1548 981 1622 Ina.
1004 1553 1053 1618 85,
1079 1552 1123 1605 29.

811 1643 937 1729 Vergil.
964 1646 1044 1709 Aen.
1068 1643 1114 1709 lib
1137 1641 1201 1706 IX.

418 1750 466 1813 14.
488 1770 604 1835 parma
655 1739 658 1744 ¹
810 1750 885 1810 Sall.
910 1751 975 1809 laist.
999 1751 1048 1810 aa.
1071 1750 1090 1810 I
1097 1752 1131 1808 V.

810 1847 934 1932 Vergil.
957 1847 1041 1936 Aen.
1063 1845 1120 1911 lib.
1144 1845 1206 1910 IX.

418 1954 466 2016 15.
489 1951 657 2017 ferentarii
813 1949 886 2014 Cat.
909 1948 951 2013 ad
973 1970 1041 2014 rem
1063 1947 1131 2012 mil.

809 2056 884 2115 Sall.
909 2056 996 2114 Galil.
1022 2062 1068 2126 60,
1098 2061 1124 2112 2.

419 2158 466 2220 16.
491 2163 643 2219 uerutum
814 2157 889 2217 Sall.
913 2157 981 2217 aaa.
1005 2157 1055 2216 aa.
1079 2157 1144 2217 III.

780 2243 783 2249 ¹
814 2254 921 2319 Varro
937 2252 1034 2330 Ὄνος
1057 2252 1169 2338 λύρας.

336 2459 498 2547 Exempla
531 2460 703 2526 subseciua
736 2476 898 2545 perpauca
930 2466 1028 2543 atquo
1056 2479 1098 2521 ex
1127 2456 1173 2521 616
1207 2455 1404 2544 plerumque·

252 2563 467 2649 scriptoribus
489 2561 606 2626 hausta
623 2583 760 2648 quorum
775 2560 962 2625 testimonia
978 2559 1058 2624 alibi
1076 2558 1206 2622 ordines
1222 2558 1398 2640 conficiunt

251 2673 288 2728 ut
310 2662 407 2728 facila
430 2663 573 2729 conicias
596 2663 703 2749 ipsum
719 2662 861 2726 Nonium
884 2683 922 2726 ea
938 2659 1106 2725 adiecisse.
1136 2659 1224 2746 quod
1240 2662 1268 2725 si
1283 2661 1396 2726 uerum

251 2764 446 2847 cst‚.nesoio
474 2787 517 2828 an
545 2763 706 2848 glossario
734 2785 812 2829 usus
840 2763 900 2843 sit,
928 2783 1124 2849 quamquam
1154 2762 1314 2848 suspicari
1336 2763 1397 2827 hoc

250 2866 337 2933 malo
360 2890 459 2954 quam
481 2866 684 2932 confirmare.
741 2909 744 2915 -

334 3022 406 3086 Iam
427 3029 552 3086 restant
574 3021 670 3107 primi
691 3020 809 3105 capitis
825 3005 882 3083 illa
896 3017 1048 3082 lemmata
1062 3017 1267 3104 alphabetico
1284 3018 1396 3083 ordine

251 3121 429 3187 distributa
451 3146 482 3209 p.
506 3123 642 3187 62-65.
665 3121 717 3203 66,
741 3121 877 3202 25-67,
906 3121 958 3202 30,
989 3121 1029 3184 de
1057 3120 1176 3206 quibus
1200 3143 1396 3207 quamquam

250 3233 287 3287 ut
309 3225 391 3289 certi
413 3225 493 3310 quid
516 3246 661 3288 eruorem
684 3244 749 3287 non
772 3223 919 3307 contigit,
943 3223 1005 3287 boc
1027 3229 1136 3285 tamen
1152 3233 1246 3287 extra
1268 3245 1396 3287 omnem

250 3324 489 3391 dubitationem
518 3327 660 3412 positum
688 3347 761 3389 6666
788 3323 1021 3389 contendemus
1044 3323 1187 3388 Nonium
1214 3324 1317 3389 uerba
1339 3323 1396 3388 illa

249 3424 312 3489 hoc
338 3448 402 3511 quo
437 3427 478 3490 de
506 3429 552 3491 eis
586 3427 655 3511 agit
670 3462 672 3466 ·
688 3427 802 3492 ordine
831 3426 1008 3491 distributa
1043 3427 1109 3488 iam
1142 3425 1176 3488 in
1209 3425 1300 3491 sonte
1335 3449 1394 3491 suo

249 3525 426 3592 inuenisse.
448 3529 519 3614 ipse
533 3527 618 3591 enim
633 3510 819 3614 ubicunque
839 3549 882 3591 ex
903 3527 1087 3592 litterarum
1110 3526 1223 3591 ordino
1245 3527 1395 3592 lemmata

250 3628 424 3715 disposuit,
447 3631 493 3693 ita
513 3651 582 3693 rem
604 3629 749 3694 instituit
771 3638 807 3691 ut
829 3653 846 3692 6
869 3628 1109 3693 commentariis
1135 3627 1297 3695 uocabula
1321 3651 1394 3694 oon-

249 3733 395 3818 quircret
416 3730 457 3794 ab
480 3729 594 3794 eadem
628 3730 738 3794 littera
759 3731 969 3816 incipientia,
1003 3732 1094 3794 cuius
1122 3730 1168 3795 rei
1198 3739 1295 3794 166166
1320 3740 1395 3795 sunt

249 3832 497 3920 locupletissimi
532 3831 662 3896 ordines
696 3831 744 3896 illi
771 3834 805 3896 in
833 3831 994 3918 capitibus
1022 3831 1247 3917 alphabeticis.
1292 3833 1394 3917 primo

249 3946 361 4000 tamen
383 3935 489 4021 capita
518 3955 592 3998 cum
623 3933 685 3999 hoo
717 3956 782 3998 non
814 3933 946 4013 fecerit,
977 3935 1128 4019 quoniam
1151 3931 1331 3998 litterarum
1354 3956 1395 3998 cx

250 4036 364 4101 ordine
392 4037 427 4101 id
455 4058 649 4123 componere
681 4058 747 4101 non
774 4037 809 4098 in
838 4039 946 4098 animo
969 4045 1054 4118 erat,
1084 4035 1227 4120 suspicio
1250 4037 1395 4100 exoritur

249 4137 471 4224 alphabeticos
503 4137 576 4204 illos
604 4136 702 4225 primi
734 4137 852 4222 capitis
881 4136 1011 4201 ordines
1042 4159 1061 4200 a
1090 4135 1250 4220 glossario
1286 4134 1393 4222 aliquo

251 4262 323 4304 esse
346 4241 534 4326 desumptos
558 4240 638 4306 satis
662 4237 794 4324 quidem
816 4240 907 4303 tenui
928 4241 1121 4324 exiguoque.

333 4392 455 4457 Facilis
478 4392 520 4459 ab
542 4392 593 4457 his
616 4392 775 4458 transitus
798 4400 849 4455 est
871 4391 912 4454 ad
929 4391 1062 4456 brenam
1078 4414 1152 4457 aum
1167 4389 1315 4456 ordinem
1330 4414 1393 4476 quo

250 4493 291 4556 do
312 4493 402 4556 uitiis
425 4492 647 4580 corporalibus
677 4493 853 4579 exponitur
880 4514 953 4578 cap.
976 4493 992 4556 Ι
1015 4517 1047 4578 p.
1069 4493 1111 4558 25
1139 4499 1263 4572 aalaam
1291 4515 1394 4578 usquo
