3160 5126
632 410 864 472 -153-

443 586 561 645 tumulti
581 601 654 643 cum
677 577 774 643 Char.
791 601 824 665 p.
845 577 887 641 22
902 577 959 642 ubi
974 577 1062 642 idem
1077 578 1322 644 Terentianum.

440 687 541 746 senati
560 704 634 746 cum
658 679 757 746 Char.
780 703 812 766 p.
839 679 910 744 130.
936 680 1008 744 143.

145 881 152 892 -
175 838 288 900 insunt
308 836 389 900 haee
410 835 475 900 tria
496 836 532 899 in
546 833 698 898 Plautino
722 833 835 899 ordine
857 841 894 896 ut
916 841 1151 898 commentator
1173 831 1229 898 ille
1243 855 1323 898 usus

175 936 326 1001 uideatur
348 936 454 1000 Plinio
476 934 530 1000 uel
554 935 662 1020 Capro
684 935 824 999 Romani
847 933 1046 999 auctoribus.

176 1106 263 1172 Non.
286 1130 319 1193 p.
342 1107 413 1170 485.
444 1111 575 1170 'exerciti
594 1104 637 1168 cf.
661 1102 757 1168 Char.
780 1127 812 1190 p.
838 1104 909 1168 128.

176 1207 260 1272 Non.
282 1231 315 1294 p.
337 1208 412 1272 481.
439 1211 511 1284 aelu
533 1206 576 1270 cf.
600 1205 697 1270 Char.
721 1228 753 1292 p.
776 1205 828 1270 35.

441 1315 606 1372 antistitum
630 1307 672 1370 cf.
697 1306 795 1372 Char.
819 1330 851 1392 p.
876 1306 947 1371 100.

174 1410 259 1476 Non.
283 1433 316 1496 p.
339 1399 413 1474 486.Ι
443 1416 543 1474 herem
566 1410 612 1472 cf.
635 1407 734 1472 Char.
757 1431 790 1494 p.
815 1407 884 1477 132,
912 1407 960 1472 10.

176 1512 415 1598 1115551188.
443 1518 531 1590 flacti
551 1512 593 1575 cf.
618 1510 715 1577 Char.
737 1532 770 1594 p.
797 1509 865 1581 143,
891 1508 940 1572 12.

439 1620 584 1692 noemma
606 1611 648 1675 cl.
674 1609 771 1674 Char.
794 1633 826 1694 p.
851 1611 902 1674 53.

174 1781 259 1846 Non.
284 1805 315 1868 p.
338 1783 412 1864 489,
435 1783 487 1846 24.
532 1784 889 1846 Bacchanaliorum
913 1800 988 1858 pro
1018 1766 1323 1847 Bacchanalium

302 1897 334 1947 ut
363 1889 666 1964 uectiqaliorum
699 1892 728 1946 et
755 1886 992 1961 compitaliorum
1021 1893 1050 1945 et
1077 1889 1264 1948 noualiorum
1296 1898 1324 1949 et
1407 1943 1416 1950 .

308 1991 635 2052 Vulcanaliorum.
699 1986 937 2076 Sallustius:
980 1990 1325 2063 ‘exaudirique'sonus

302 2093 681 2153 Bacchanaliorum?
726 2090 821 2148 idem
844 2090 910 2149 hist.
933 2090 983 2150 leh.
1008 2090 1073 2149 IV:
1097 2090 1207 2150 ‘Curio
1236 2093 1324 2152 Vul-

302 2195 546 2253 canaliorum
569 2195 618 2252 die
639 2192 748 2267 ibidem
770 2195 925 2251 moratus!
955 2187 998 2250 cf.
1015 2186 1112 2251 Char.
1128 2211 1161 2274 p.
1177 2187 1229 2252 62.
1248 2191 1322 2254 146:
1345 2271 1349 2278 μ

300 2297 456 2368 aenetium
477 2311 591 2368 quoque
613 2294 748 2370 pluralis
769 2308 836 2353 cum
858 2295 977 2352 ratione
998 2295 1251 2367 uectipalium
1270 2294 1324 2367 fa·

300 2399 361 2456 ciat
382 2404 523 2456 auctores
544 2403 642 2454 tamen
665 2395 967 2467 uectipaliorum
990 2395 1136 2456 eliserunt
1158 2404 1190 2456 ut
1205 2398 1325 2456 Asinius

302 2515 329 2557 e.
354 2516 385 2579 q.
411 2515 437 2556 s.
461 2497 607 2558 Horatius
629 2513 657 2557 e.
680 2515 711 2577 q.
735 2514 761 2554 s.
794 2506 833 2556 ut
854 2496 1213 2557 Bacchanaliorum
1236 2497 1323 2556 Sul·
1365 2511 1368 2522 ’

301 2601 445 2659 Iustius
466 2607 502 2658 ct
530 2600 856 2659 Vulcanaliorum.

173 2761 440 2848 Non.p.491,2l.
456 2769 573 2828 domuis
596 2766 638 2829 cf.
662 2762 761 2827 Char.
784 2786 816 2848 p.
839 2763 890 2826 22.
914 2763 966 2826 54.
991 2761 1061 2827 130.
1088 2762 1158 2826 143.

174 2864 260 2931 Non.
283 2889 315 2950 p.
338 2864 412 2929 492.
456 2878 604 2930 senectam
626 2866 669 2929 cf.
695 2863 794 2928 Char.
817 2887 848 2948 p.
871 2864 923 2944 57,
947 2863 977 2926 8.

451 2977 659 3045 poematorum
682 2965 724 3028 cf.
749 2963 846 3028 Char.
870 2987 902 3050 p.
925 2964 978 3027 42.

174 3066 259 3132 Non.
282 3090 314 3153 p.
337 3067 412 3132 494.
457 3074 546 3132 anuis
568 3064 613 3130 cl’.
638 3065 737 3132 Char.
759 3089 792 3152 p.
816 3065 868 3130 54.

259 3238 408 3324 Denique
437 3237 624 3302 Priscianus
654 3256 782 3323 quoque
811 3234 975 3299 nonnullis
1011 3234 1092 3299 locis
1123 3258 1197 3300 cum
1226 3235 1325 3300 Nonii

174 3337 283 3424 capite
305 3339 390 3403 VIII
413 3337 582 3403 consensit
604 3337 714 3403 Probo
736 3337 946 3424 potissimum
968 3338 1083 3400 nixus:

174 3507 257 3573 Non.
280 3531 312 3594 p.
335 3508 409 3572 483.
453 3515 570 3586 quaesti
589 3507 630 3572 cf.
648 3507 752 3572 Prisc.
769 3530 800 3592 p.
812 3506 887 3572 251.
903 3505 960 3570 5111
975 3506 1063 3570 idem
1079 3487 1323 3571 Terentianum.

174 3607 259 3672 Non.
282 3631 313 3694 p.
336 3608 410 3673 484.
454 3615 554 3673 senati
574 3607 617 3672 cf.
633 3608 736 3673 Prisc.
754 3632 786 3694 p.
803 3607 875 3674 258.
900 3607 957 3672 5111
974 3607 1060 3671 idem
1077 3607 1323 3674 Sallustianum.

174 3709 258 3774 Non.
281 3734 313 3796 p.
336 3710 410 3775 487.
452 3715 556 3788 pemlti
576 3709 618 3773 cf.
643 3710 744 3774 Prisc.
769 3735 801 3796 p.
824 3709 898 3774 258.
930 3710 987 3775 ubi
1014 3711 1101 3774 idem
1123 3710 1322 3775 Plautinum.

181 3878 183 3884 ¹
307 3896 364 3960 De
388 3895 425 3960 C.
448 3895 587 3958 Plinio
611 3895 792 3960 Secundo
816 3906 853 3959 et
876 3895 1019 3960 Flauio
1043 3895 1183 3980 Capra.

259 4029 334 4094 Vna
356 4031 469 4096 ambos
492 4030 660 4095 nominaui
683 4032 758 4116 quia
781 4053 864 4116 quae
888 4029 931 4093 ad
947 4031 1085 4094 alterum
1101 4029 1265 4094 rettuleris
1282 4053 1322 4094 ea

173 4131 217 4197 ad
239 4129 379 4196 alterum
401 4154 529 4218 quoque
552 4131 674 4196 referre
697 4133 829 4218 poteris.
867 4132 977 4196 exeis
1001 4132 1087 4195 enim
1109 4153 1192 4216 quae
1216 4130 1323 4196 adhuc

174 4232 414 4319 disputauimus
436 4231 638 4316 intellegitur
653 4232 771 4297 Iulium
786 4234 970 4297 Romanum
992 4233 1133 4296 Charisii
1155 4243 1322 4298 auctorem

174 4334 216 4400 ab
237 4343 376 4420 utroque
399 4354 457 4398 sua
480 4334 658 4418 sumpsisse
681 4333 728 4398 ita
749 4343 787 4398 ut
808 4333 995 4419 ubicunque
1021 4333 1189 4399 Charisius
1205 4334 1322 4399 Roma-

173 4458 252 4500 num
285 4445 416 4500 secutus
451 4455 524 4499 oum
559 4433 665 4500 Nonio
699 4435 858 4516 concinit,
887 4456 950 4497 non
979 4445 1137 4520 appareat
1165 4457 1248 4523 quae
1279 4435 1339 4507 ad¹

172 4536 327 4620 Plinium,
351 4557 433 4622 quae
449 4536 492 4600 ad
514 4535 658 4622 Capram
680 4535 823 4599 redeant.
856 4536 922 4599 iam
944 4556 1022 4598 uero
1044 4536 1078 4600 in
1097 4537 1328 4623 superioribus

224 4645 334 4695 Schmidt,
349 4645 451 4686 (15115511
466 4645 563 4686 Marcelli
579 4652 636 4686 auct.
650 4637 741 4697 gramm.
1085 4637 1164 4701 10¹⁴*
