3160 5130
643 335 852 399 ..01-

175 505 368 592 graphicum
391 506 469 569 dero
492 526 573 590 opus
597 504 654 568 uix
670 504 767 570 oredo
789 503 959 568 materiam
982 503 1024 568 ad
1047 512 1114 568 tam
1136 505 1246 570 uarias
1269 527 1321 570 res

174 606 363 673 tractandas
384 606 591 694 praebuisse,
614 605 734 670 nedum
756 607 927 670 materiam
948 618 1015 672 tam
1037 607 1203 693 copiosam
1225 629 1323 694 quam

175 708 299 774 fontem
324 709 423 774 Nonii
451 708 642 795 praebuisse
671 730 713 772 ex
739 706 909 773 ordinibus
932 708 1079 774 Attianis
1107 707 1204 797 facile
1232 707 1321 772 intel-

175 808 305 896 legitur.
349 833 415 897 qua
436 832 471 874 re
493 811 604 896 potius
628 811 860 875 commentario
888 809 997 897 aliquo
1025 831 1098 874 eum
1125 831 1222 874 usum
1250 832 1322 874 esse

175 912 344 994 existimo,
373 911 407 974 in
436 933 508 998 quo·
527 912 567 976 de
595 903 745 976 omnib‘us
774 909 838 975 illis
868 934 949 997 quas
978 933 1078 998 supra
1103 911 1196 996 tetigi
1224 911 1321 976 rebus

174 1012 367 1079 adnotatum
395 1014 567 1079 inuenerit.
612 1013 752 1099 denique
779 1013 833 1078 hie
860 1035 988 1101 quoque
1016 1013 1218 1098 inuestigare
1247 1011 1323 1078 lieet

175 1116 262 1179 unde
277 1116 483 1200 potissimum
499 1114 724 1180 commentarii
740 1113 827 1179 illius
844 1115 943 1180 riuuli
964 1113 1130 1180 fluxerint.
1167 1114 1322 1180 nonnulla

175 1217 261 1281 enirn
290 1239 364 1281 oum
387 1217 534 1283 Varrone
564 1227 596 1282 et
619 1215 714 1280 Pauli
741 1217 920 1303 excerptis,
949 1216 1044 1303 plura
1072 1239 1147 1281 eum
1170 1216 1320 1298 Charisii,

175 1317 357 1400 Diomedis,
373 1318 531 1383 Prisciani
547 1318 753 1405 expositione
765 1320 846 1383 satis
863 1320 1073 1400 conueniunt,
1090 1341 1173 1404 quae
1189 1319 1321 1406 quidem

174 1419 284 1506 placat
305 1420 359 1485 hie
381 1421 555 1486 ascribere.

176 1522 258 1586 Non.
283 1546 314 1608 p.
338 1522 391 1604 20,
417 1523 464 1587 10.
494 1531 611 1602 clepere
633 1534 677 1587 εει
695 1524 818 1604 furari,
848 1533 1009 1588 tractum
1032 1543 1052 1585 α
1075 1523 1208 1606 κλοπῇ
1229 1527 1321 1588 uerbo

303 1630 430 1689 Graeco.
454 1647 481 1689 e.
505 1647 537 1711 q.
561 1646 586 1687 s.

175 1725 282 1790 Varro
305 1724 346 1790 de
368 1725 390 1788 l.
407 1725 429 1790 l.
444 1723 511 1790 VII
527 1728 546 1806 ξ
562 1724 612 1788 94.
635 1731 767 1804 clepsere
790 1729 885 1805 ειιειι,
908 1730 987 1790 unde
1009 1727 1098 1790 ellam
1114 1731 1171 1789 ulli
1190 1733 1317 1807 clepere,

301 1832 335 1893 ιιι
355 1843 398 1892 εει
418 1833 590 1908 corripere·
617 1847 742 1906 quorum
765 1834 849 1905 orlqo
871 1847 890 1890 u
912 1834 990 1892 elom
1013 1840 1046 1892 ut
1067 1833 1105 1890 sr'l
1126 1831 1235 1892 dictum
1257 1835 1287 1892 cl
1308 1867 1318 1877 ·

299 1951 373 2010 pere
395 1936 474 1994 uncle
495 1936 613 2009 clepere
634 1950 675 1993 ex
690 1934 719 1992 E
740 1935 766 1992 A
787 1939 982 2010 commutato,
1007 1941 1038 1994 ul
1059 1935 1162 1992 multu.
1193 1942 1320 2009 polest

303 2038 364 2095 uel
384 2052 404 2094 a
428 2036 572 2096 Grueeo
594 2035 735 2094 dietum
758 2029 962 2094 κλέπτειν.

174 2132 258 2196 Non.
282 2155 314 2219 p.
332 2132 383 2196 16.
412 2144 613 2212 εερεειοιεεε
634 2143 678 2195 εει
698 2142 809 2196 carru
829 2144 961 2212 pectus
982 2139 1115 2198 eicere.

175 2235 266 2299 Paul.
291 2257 323 2320 p.
341 2234 383 2299 80
397 2234 443 2298 M.
473 2243 663 2315 eapcclorul,
687 2255 732 2298 εει
750 2245 905 2313 pectore
926 2240 1026 2298 elcr't.

173 2335 258 2400 Non.
289 2358 321 2421 p.
346 2336 415 2400 146.
449 2341 619 2401 oblitterare
646 2346 690 2399 εει
715 2339 945 2412 obscurescccre
971 2347 1000 2399 ει
1026 2342 1061 2399 r'n
1095 2341 1319 2402 obliuionem

300 2443 448 2502 ducere.

174 2537 265 2602 Paul.
287 2562 318 2625 p.
338 2539 408 2604 187.
446 2545 642 2605 oblitteratum
655 2545 710 2604 alil
723 2545 768 2604 alr
790 2545 994 2619 obliuione,
1018 2547 1105 2605 ulr'r'u
1120 2546 1219 2606 liltore
1240 2547 1321 2620 quod

300 2645 341 2705 llu'
361 2653 465 2706 uolatu
483 2646 623 2721 fluctibus
645 2649 773 2720 aequari
791 2654 820 2706 ει
841 2648 903 2707 lolli
923 2649 1026 2707 solent.

173 2742 256 2809 Non.
280 2765 312 2829 p.
337 2743 407 2808 185.
444 2754 678 2808 verruncent
704 2749 743 2809 ld
769 2755 825 2808 εει
852 2755 1014 2808 uertunt.
1055 2750 1159 2809 Altius.
1184 2768 1211 2809 e.
1236 2768 1265 2832 q.
1291 2769 1317 2809 s.
1382 2761 1396 2792 ⁸

301 2850 498 2910 Poenulus.
521 2868 549 2910 e.
571 2869 603 2932 q.
626 2868 652 2909 s.

173 2945 266 3010 Paul.
291 2968 324 3033 p.
346 2947 419 3014 373.
457 2959 692 3013 uerrunccnl
712 2957 874 3012 uertunt.
915 2946 1166 3033 Pacuuius.²⁷)
1190 2969 1217 3011 e.
1241 2970 1273 3033 q.
1290 2970 1316 3011 s.

174 3149 258 3216 Non.
281 3175 313 3238 p.
341 3152 410 3216 178.
447 3160 554 3235 tetulit,
577 3159 651 3216 ιιιιιι.
691 3157 787 3216 Allius
810 3156 954 3216 Androm.
977 3173 1005 3214 e.
1029 3174 1059 3238 q.
1084 3174 1109 3215 s.

174 3252 272 3318 Char.
294 3277 326 3341 p.
350 3254 424 3335 278,
447 3255 468 3320 5
490 3254 577 3318 Keil.
615 3261 772 3319 ‘concitum
796 3261 878 3318 ιειειιε·
897 3258 1041 3332 pradum'
1059 3272 1121 3333 pro
1143 3259 1205 3317 lull.

173 3353 282 3418 Diom.
306 3379 336 3440 p.
360 3356 434 3438 372,
456 3355 477 3418 2
498 3355 542 3420 Κ.
575 3358 733 3434 serasera
754 3362 809 3420 tull
830 3362 873 3434 (el
898 3362 982 3421 letulr'
1003 3362 1127 3434 dicitur,
1152 3368 1185 3420 ul
1211 3359 1317 3422 Pereu-

272 3509 274 3512 .
299 3465 357 3522 ιεέεε
379 3463 449 3522 ‘leuc
471 3464 626 3523 tetulissem
646 3463 792 3540 pedem’).

171 3558 253 3623 ibid.
275 3580 308 3644 p.
329 3559 404 3642 441,
427 3560 455 3624 2.
495 3566 652 3624 ‘concitum
674 3568 756 3625 tetuli
774 3565 925 3640 yrudum’
945 3581 1004 3640 pro
1027 3567 1090 3626 lull.

172 3657 252 3725 ibid.
268 3683 301 3746 p.
317 3661 392 3743 452,
416 3663 447 3726 9.
485 3665 610 3725 Μαειενε
626 3684 689 3742 pro
704 3668 790 3727 Mors
807 3674 837 3726 ει
856 3669 942 3728 letulr'
959 3685 1019 3743 pro
1034 3669 1090 3728 lull
1109 3676 1142 3729 ut
1156 3668 1317 3730 ‘Mauortis

299 3769 329 3826 ιιι
352 3770 467 3842 cutro',
491 3767 654 3842 ‘uunquam
677 3771 736 3829 lruc
757 3772 917 3830 tetulissem
935 3771 1065 3845 pedem!

172 3863 257 3928 Non.
282 3887 313 3949 p.
336 3865 409 3946 469,
432 3866 462 3930 3.
500 3886 627 3944 cuqura
664 3853 760 3931 Allius
782 3889 809 3932 e.
833 3890 864 3953 q.
888 3890 914 3934 s.

172 3966 274 4030 Prisc.
298 3987 330 4052 p.
346 3967 420 4048 392,
446 3968 479 4030 11
508 3969 621 4032 Hertz.
652 3988 770 4048 uupuro
786 3990 847 4049 pro
861 3989 1007 4047 uuauror.
1037 3970 1081 4035 of.
1097 3969 1176 4035 ibid.
1193 3991 1225 4054 p.
1242 3969 1314 4033 380.

177 4140 400 4148 --——--—-...

239 4241 283 4304 27)
306 4241 382 4291 aliud
405 4242 513 4306 quidem
538 4242 655 4293 Pacuuii
682 4244 835 4312 exemplum
861 4244 934 4310 apud
957 4243 1071 4293 Paulum
1090 4240 1185 4309 [extat.
1226 4259 1315 4309 neque

173 4329 265 4374 tamen
284 4325 379 4376 dubito
398 4328 462 4390 quin
480 4328 593 4379 Verrius
612 4343 645 4378 ea
664 4345 769 4394 quoque
789 4329 948 4380 testimonia
968 4328 1095 4378 attulerit
1112 4343 1181 4392 quae
1201 4329 1316 4394 Nonius,

173 4424 232 4458 eum
251 4412 414 4475 praesertim
434 4429 495 4463 eum
514 4413 562 4463 illo
586 4413 646 4463 loco
665 4414 781 4464 Attiano
800 4414 884 4465 etiam
903 4412 1056 4464 adsciuisse
1081 4412 1145 4462 ideo
1163 4414 1316 4465 uerisimile

172 4494 208 4543 sit
227 4495 298 4559 quod
315 4497 345 4546 in
362 4497 520 4562 insequenti
540 4498 619 4548 Pauli
637 4498 731 4563 glossa
750 4501 892 4550 Attianum
912 4497 1037 4547 adfertur
1055 4500 1215 4564 exemplum.
