3160 5126
693 339 922 404 *144-

231 508 383 598 exempla
418 509 570 576 adferens
606 509 818 574 euetcribus
854 511 959 598 poetis
997 519 1034 576 ut
1069 509 1210 588 Naeuio,
1249 507 1379 591 Pinum,

231 613 350 695 Ennio,
374 613 527 692 Pacuuio,
551 610 712 698 Turpilio,
729 633 867 698 quorum
890 611 978 697 apud
993 611 1134 676 Nonium
1157 632 1285 699 quoque
1307 633 1378 697 per-

232 714 336 778 multa
351 723 467 779 extant
481 713 677 797 fragmenta.
708 713 793 778 unde
812 712 959 778 adhunc
979 735 1106 800 quoque
1128 712 1206 777 licet
1227 711 1380 798 colligere

233 815 391 880 Sinniana
411 812 567 880 nonnulla
585 816 785 899 peruenisse,
807 813 898 878 cuius
920 815 967 879 rei
988 815 1128 900 uestigia
1149 815 1299 900 quamuis
1322 817 1379 879 ob·
1432 889 1438 904 ἱ

232 939 329 982 scura
343 939 408 982 non
425 915 554 980 desunt.
577 915 661 981 Non.
680 939 711 1002 p.
733 916 810 982 540:
834 937 1002 997 supparum
1024 927 1067 980 ast
1088 921 1210 980 linteum
1229 919 1381 993 femorale

231 1040 324 1097 usque
336 1023 380 1080 ad
390 1024 467 1082 talos
478 1005 625 1097 pendens,
637 1023 747 1083 dictam
762 1023 845 1097 qaod
860 1023 963 1082 subtus
984 1028 1146 1098 appareat.
1163 1022 1290 1082 Plantas
1306 1023 1379 1097 Epi·
1396 1081 1400 1084 .

232 1125 300 1185 dico
312 1142 339 1184 e.
354 1143 384 1206 q.
398 1141 424 1183 s.
444 1123 579 1212 Naeuius
591 1125 683 1184 Pedio
695 1141 723 1183 e.
736 1143 767 1206 q.
782 1143 808 1184 s.
831 1122 982 1198 Afranius
996 1125 1173 1199 Epistulae.
1188 1142 1218 1205 q.
1236 1141 1262 1184 s.
1287 1120 1380 1204 atqui

231 1221 389 1307 probasse
410 1221 506 1286 nobis
528 1220 679 1286 uidemur
699 1220 841 1284 Nonium
864 1220 925 1286 hoc
945 1219 1064 1284 lemma
1087 1242 1106 1284 a
1124 1229 1380 1285 commentatore

232 1323 385 1388 Plautino
400 1323 576 1409 accepisse,
593 1333 882 1388 commentatorem
897 1332 1115 1408 autemsaepe
1137 1321 1245 1386 Verrii
1267 1321 1381 1387 Flacci

231 1421 348 1489 horrea
364 1422 568 1511 compilasse.
595 1447 654 1489 nec
666 1423 811 1490 absurda
821 1424 1080 1526 uidetur'opinio
1093 1422 1178 1500 hapc
1194 1446 1322 1510 quoque
1334 1423 1379 1488 ad

233 1525 338 1614 Plaut.
364 1515 631 1613 Epid.11,2,48
654 1526 898 1620 adnotationem
921 1525 1098 1590 deductam
1122 1547 1193 1590 esse
1216 1547 1236 1588 a
1250 1525 1378 1606 Verrio,

231 1629 290 1715 qui
312 1627 401 1714 apud
423 1628 559 1693 Festum
590 1651 620 1713 p.
645 1628 708 1693 310
735 1637 768 1712 et
796 1627 948 1692 similiter
969 1629 1009 1692 de
1032 1627 1145 1692 eedem
1171 1649 1253 1691 uoce
1275 1625 1380 1712 expli-

230 1731 296 1796 cuit
318 1738 351 1794 et
372 1728 459 1794 idem
481 1728 592 1795 attulit
603 1729 735 1794 Afranii
757 1729 953 1817 exemplum.
984 1729 1050 1794 iam
1073 1729 1101 1794 si
1122 1750 1218 1815 porro
1241 1729 1379 1793 interro-

229 1831 358 1917 gaueris
381 1832 545 1896 undenam
567 1831 638 1918 ipse
660 1830 807 1897 hauserit
829 1831 977 1913 Verrius,
1000 1829 1252 1917 respondebitur
1273 1830 1381 1894 uideri

231 1933 379 1997 hausisse
412 1955 429 1996 e
458 1932 572 1998 Sinnio
607 1933 769 2020 Capitone
806 1957 900 2020 quem
931 1935 1001 2020 ipsc
1032 1941 1199 1998 auctorem
1232 1930 1382 1995 nominat

230 2035 347 2098 iterum
377 2033 418 2098 de
447 2055 581 2114 supparo
616 2023 778 2099 disserens
808 2033 896 2123 apud
929 2036 1064 2100 Festum
1091 2057 1122 2120 p.
1150 2033 1223 2097 340.
1274 2055 1380 2118 neque

231 2137 338 2199 minus
362 2133 481 2200 lemma
502 2133 584 2200 illud
598 2135 698 2200 Nonii
718 2143 896 2223 suppliciam
918 2158 954 2200 rc
975 2157 1055 2200 uera
1070 2135 1227 2219 originem
1243 2134 1381 2199 duxisse

231 2237 374 2302 arbitror
398 2261 417 2301 a
440 2237 553 2301 Sinnio
576 2238 668 2302 cuius
692 2237 779 2322 apud
795 2238 929 2304 Festum
943 2238 1055 2324 p.‘309
1070 2238 1157 2323 quod
1180 2246 1272 2302 extat
1287 2236 1379 2320 frag-

182 2335 185 2338 ’
231 2348 388 2420 mentum,
400 2361 438 2404 eo
455 2338 652 2403 uocabulum
666 2337 749 2404 illud
765 2339 863 2404 ctiam
879 2339 1151 2427 supplicatiopem
1165 2361 1263 2425 posse
1279 2339 1380 2422 signi-

231 2441 328 2504 ficare
352 2442 505 2505 docemur
528 2441 572 2527 (si
588 2439 683 2507 modo
699 2441 762 2506 uiri
779 2440 865 2507 docti
888 2441 1040 2506 mutilata
1062 2449 1148 2504 recte
1171 2439 1379 2528 supplerunt)

231 2543 316 2628 quod
331 2542 417 2606 idem
432 2542 557 2607 Nonius
581 2566 613 2630 p.
636 2543 698 2608 398
721 2542 879 2630 exemplis
896 2542 1085 2607 illustrauit.
1115 2541 1233 2606 deinde
1248 2541 1378 2606 Nonius

231 2667 263 2730 p.
287 2643 350 2708 350
372 2655 535 2708 monstram
558 2667 671 2709 uocem
700 2646 824 2710 indicat
847 2645 967 2711 habere
992 2643 1264 2727 significationem
1287 2666 1380 2709 mon-

230 2745 408 2812 strationis.
437 2746 561 2830 pariter
573 2745 705 2812 Sinnius
722 2747 807 2832 apud
823 2746 912 2810 Fest.
928 2769 961 2832 p.
980 2743 1054 2809 138:
1082 2753 1164 2809 uelat
1185 2757 1377 2819 monestrum,

229 2855 310 2928 qaod
332 2838 483 2912 monstret
494 2851 635 2925 sammaa
656 2860 686 2912 et
707 2859 826 2912 maneat
849 2854 1034 2912 uoluntatem
1057 2853 1190 2911 dearum.
1235 2847 1378 2912 fortasse

229 2952 327 3015 etiam
360 2951 394 3014 in
427 2970 549 3014 numero
583 2950 735 3015 lemmate
770 2949 921 3015 Noniano
950 2951 996 3037 (p.
1024 2950 1100 3031 350)
1132 2947 1237 3013 Sinnii
1266 2947 1379 3034 aliqua

228 3052 342 3116 subest
375 3050 537 3134 doctrina,
571 3052 646 3116 uide
680 3051 766 3116 enim
795 3073 892 3137 quam
920 3049 1039 3116 similia
1068 3051 1132 3114 sint
1160 3049 1311 3135 exempla
1333 3051 1377 3115 ab

228 3161 367 3239 utroque
390 3152 512 3220 adlata.
557 3153 598 3218 cf.
622 3153 713 3218 Sinn.
738 3152 826 3240 apud
849 3155 936 3219 Fest.
961 3175 992 3238 p.
1019 3153 1090 3216 170.

551 3323 610 3388 De
632 3323 821 3389 Antistio
843 3323 1046 3388 Labeone.

314 3457 397 3522 (lum
418 3459 491 3544 ipsa
513 3469 632 3524 natura
653 3482 762 3524 rerum
784 3462 830 3525 ita
852 3459 953 3524 ferret
974 3468 1011 3523 ut
1033 3459 1103 3521 iure
1133 3457 1272 3542 copsulti
1295 3457 1377 3520 mul-

228 3569 298 3624 tum
320 3561 353 3622 in
377 3559 493 3646 etymis
517 3559 749 3627 notionibusue
771 3560 1006 3627 uocabulorum
1028 3559 1224 3644 indagandis
1243 3581 1378 3647 operam

229 3659 436 3742 collocarent,
460 3673 529 3726 tum
552 3663 639 3748 apud
655 3662 798 3728 Nonium
821 3685 933 3750 pauca
947 3662 1021 3727 talis
1045 3661 1213 3728 doctrinae
1234 3660 1379 3745 uestigia

229 3784 398 3850 superesse
421 3762 533 3827 mirari
556 3786 620 3829 non
643 3762 729 3828 licet.
774 3764 832 3829 sed
854 3765 992 3830 Antistii
1013 3762 1176 3830 Labeonis
1199 3760 1378 3826 frustulum
1481 3840 1489 3851 .

227 3865 329 3928 habes
352 3865 387 3927 in
405 3867 495 3940 sares
517 3864 668 3930 lemmate
690 3888 722 3952 p.
738 3867 791 3948 50,
810 3866 848 3930 12
858 3915 868 3948 ,
887 3868 974 3953 quod
991 3889 1008 3930 e
1024 3864 1131 3931 Gellio
1144 3863 1297 3928 haustum
1315 3875 1376 3928 est.

227 3989 344 4052 nempe
356 3967 493 4031 eandem
501 3970 561 4043 far
573 3967 662 4032 uocis
676 3966 929 4053 explicationem
941 3967 1052 4033 Labeo
1068 3965 1172 4032 edidit
1186 3965 1220 4029 in
1235 3965 1376 4050 Dignt,

227 4068 296 4149 231.
313 4107 350 4116 -
364 4068 452 4134 Aelii
460 4068 550 4135 Galli
559 4068 796 4156 expositionem
804 4070 843 4134 dc
855 4076 950 4149 stirpe
961 4068 1071 4156 paullo
1084 4069 1218 4155 posthac
1231 4077 1377 4150 tangam.

599 4240 656 4304 De
679 4239 826 4304 Verrio
849 4237 1005 4304 Flacco.

312 4373 366 4438 Ab
394 4373 455 4438 hoc
482 4374 612 4461 quidem
635 4375 734 4440 Nonii
762 4382 911 4438 auctores
941 4375 1132 4461 saepissime
1159 4374 1269 4461 copias
1299 4397 1377 4439 suas

229 4470 470 4561 deprompsisse
493 4498 592 4561 supra
614 4475 827 4541 multifariam
844 4476 1150 4541 demonstrauimus.
1180 4475 1376 4540 Gerlachius
