3160 5130
646 365 857 430 ...45-

180 545 268 619 quassi
294 543 391 604 tarnis
417 542 566 602 exterriti.
612 537 689 623 quin
718 536 816 600 etiam
845 544 922 600 sunt
944 556 1028 622 quae
1049 534 1142 600 uario
1164 535 1262 600 modo
1286 535 1328 600 ab
1441 583 1446 592 .

179 653 319 728 utroque
341 638 572 726 explanantur,
600 639 645 703 cf.
668 638 753 703 Non.
786 661 818 724 p.
841 638 895 720 44,
918 637 960 702 22
985 643 1132 718 prediola
1153 643 1237 702 dicta
1258 648 1328 702 saal

179 764 276 822 porra
299 748 465 821 adluente.
496 764 524 804 e.
548 762 579 826 q.
603 763 629 805 s.
652 747 685 804 et
707 741 796 804 Fest.
819 761 851 825 p.
868 739 946 804 229:
965 745 1114 820 prediola
1136 744 1219 819 quod
1233 760 1328 819 prae·

181 851 286 909 dieunt
304 849 427 928 scotuna,
445 848 670 924 permutatione
689 863 710 920 a
731 848 867 915 litteram
889 862 959 906 nam
982 862 1059 921 quae
1081 863 1162 906 nano
1183 863 1201 905 c
1222 847 1327 922 appel-

181 953 275 1024 latur,
298 953 337 1011 ao
360 953 492 1026 antiquis
511 967 533 1025 a
555 949 731 1010 uocabatur.

280 1050 342 1114 His
378 1049 479 1134 igitur
515 1048 542 1112 si
578 1056 665 1112 recte
702 1045 887 1128 effecimus,
924 1045 1076 1110 Verrium
1114 1045 1216 1132 priori
1259 1045 1327 1133 qui-

182 1154 255 1216 dem
278 1149 526 1216 commentatori
549 1157 715 1214 auctorem
737 1147 856 1229 fuisse,
880 1145 1055 1214 alterit
997 1157 1055 1214 aut
1057 1170 1107 1212 em
1129 1171 1206 1213 nuru
1226 1147 1329 1214 fuerit

182 1253 216 1315 in
240 1252 341 1352 dpbio
364 1250 612 1339 relinquendum
635 1272 719 1332 esse,
741 1249 827 1314 hunc
843 1249 1039 1314 coniciamus
1056 1249 1198 1315 fortasse
1213 1272 1231 1314 e
1245 1251 1327 1315 Var-
1399 1305 1401 1310 .

113 1357 116 1363 ’
182 1357 271 1420 ronis
291 1353 383 1420 libris
402 1353 505 1421 doct'
466 1364 583 1421 tmnam
606 1352 771 1439 quandam
794 1350 1037 1419 deduxisset
1002 1362 1022 1414 a'
1023 1362 1100 1438 tque
1122 1373 1164 1416 ex
1166 1360 1328 1416 tatunum

184 1457 315 1543 quidem
337 1456 396 1522 sed
420 1454 711 1542 locupletissimum
733 1452 829 1517 huius
852 1453 900 1518 rei
923 1453 1155 1519 testimonium.
1201 1453 1328 1518 Nonius

184 1559 270 1623 enim
297 1581 330 1645 p.
362 1557 462 1622 152
454 1579 488 1621 rn
516 1555 739 1621 Plautinorum
769 1554 990 1642 exemplorum
1019 1553 1133 1620 ordine
1162 1579 1180 1619 e
1210 1556 1328 1621 minori

183 1659 416 1726 commentario
454 1658 647 1746 deprompto
683 1659 744 1722 ita:
778 1664 885 1739 pupulo
917 1678 978 1737 pro
1006 1664 1152 1722 conuicio.
1203 1662 1328 1724 Plautus

185 1770 361 1828 Aulularia:
389 1767 447 1826 ‘aa
473 1782 520 1826 mc
545 1766 619 1826 tene
646 1771 725 1825 amet
746 1765 903 1832 Lauerna,
934 1772 961 1824 te
982 1766 1042 1823 lam
1064 1765 1123 1824 nist
1144 1766 1235 1824 reddi
1254 1766 1327 1824 mila
1431 1801 1433 1805 -

185 1887 262 1930 uasa
284 1870 365 1930 tabas
382 1870 490 1944 penato
512 1875 541 1928 te
562 1869 612 1929 tto
633 1866 776 1940 differam
798 1874 869 1927 ante
890 1867 998 1927 aedis!
1033 1861 1141 1927 Varro
1157 1862 1197 1927 de
1213 1862 1326 1946 lingua

182 1968 203 2032 l.
227 1966 306 2048 VII,
332 1967 391 2031 103
414 1966 473 2031 sic:
499 1972 608 2046 pinula
630 1972 660 2030 in
685 1971 863 2030 Antullaria:
885 1967 1005 2045 ‘pupulo
1035 1975 1063 2028 te
1091 1970 1235 2046 differam
1257 1977 1327 2028 nale

182 2077 288 2135 aedis?
322 2075 355 2133 la
374 2079 419 2132 eat
440 2074 587 2133 conuicio.
631 2066 832 2154 exemplum,
855 2064 1039 2152 explicatio,
1062 2067 1140 2153 quin
1162 2067 1232 2153 ipse
1251 2067 1325 2131 sub·
1389 2085 1394 2094 ·
1433 2097 1438 2105 ·

182 2171 318 2236 stantini
340 2193 436 2235 casus
459 2171 492 2233 in
509 2171 667 2252 lemmate
695 2167 784 2256 apud
805 2177 976 2255 utrumque
998 2169 1045 2232 ita
1066 2169 1267 2255 conspirant,
1290 2179 1325 2234 ut

181 2273 338 2338 Varronis
361 2271 465 2337 doct'
424 2281 542 2337 trrnnm
566 2294 624 2359 per
645 2270 692 2336 alt
679 2281 784 2336 terum
805 2270 896 2336 illum
927 2280 1213 2336 commentatorem
1236 2293 1325 2338 accc-

181 2376 270 2462 pisse
293 2375 435 2441 Nonium
457 2375 514 2439 uix
536 2374 720 2459 negaueris.

266 2477 446 2542 Perfectior
467 2484 575 2541 autem
603 2474 658 2541 ille
680 2485 841 2542 comment
843 2476 931 2540 arius
955 2498 1031 2540 num
1053 2476 1183 2560 etipse
1206 2475 1323 2541 Varro·

180 2602 253 2645 nem
276 2603 319 2644 ex
339 2588 433 2665 parte
456 2588 620 2644 auctorem
643 2579 795 2644 habuerit
817 2600 882 2643 non
911 2587 1013 2664 patet.
1057 2599 1215 2665 nusquam
1239 2579 1324 2643 enim

180 2682 346 2747 inuenitur
373 2679 483 2767 glossa
505 2701 590 2766 quae
617 2681 795 2768 repetenda
817 2680 969 2746 uideatur
991 2702 1011 2743 a
1033 2679 1233 2764 Varrone3
1224 2701 1323 2744 immo

162 2794 256 2849 ..sunt
290 2781 451 2871 quaedam
483 2803 616 2868 prorsus
651 2782 812 2848 contrarie
846 2781 888 2848 ab
920 2790 1057 2867 utroque
1091 2781 1255 2868 explicata
1288 2793 1323 2847 ut

179 2908 211 2973 p.
233 2886 298 2951 540
318 2906 485 2965 supparum
512 2899 556 2950 est
582 2892 705 2950 linteum
729 2888 883 2960 femorale
910 2905 1001 2963 usqae
1024 2888 1067 2947 ad
1093 2890 1168 2948 talos
1185 2889 1323 2964 pendens

179 2993 290 3052 dietam
312 2992 395 3067 qaod
413 2993 514 3053 sahtas
536 2999 697 3068 apparent.
741 2996 855 3050 contra
877 2985 981 3051 Varro
1010 2984 1031 3050 l.
1055 2984 1076 3050 l.
1098 2985 1129 3051 V
1151 2990 1171 3068 ξ
1197 2986 1253 3051 131
1278 2993 1321 3049 ul-

179 3101 283 3172 larum,
306 3095 388 3169 quod
407 3110 502 3171 snpra
525 3109 622 3169 aquo
642 3108 819 3168 supparum.

263 3193 381 3257 Restat
400 3201 438 3256 ut
459 3190 664 3256 conferamus
687 3191 974 3275 grammaticorum
996 3187 1124 3253 illorum
1148 3212 1248 3277 opera
1265 3191 1322 3276 qni

178 3295 284 3360 adhuc
314 3304 489 3381 supersunt
515 3293 656 3357 maxime
679 3291 822 3357 Charisii
845 3301 879 3356 et
899 3290 1076 3372 Prisciani,
1105 3315 1186 3380 quos
1209 3302 1321 3358 notum

178 3406 227 3460 est
249 3419 347 3484 saepe
370 3419 387 3460 c
410 3395 547 3462 uetustis
571 3394 720 3460 hausisse
743 3393 956 3481 scriptoribus
980 3416 1018 3459 ac
1040 3393 1159 3461 doctis.
1173 3402 1187 3418 ·

177 3555 252 3615 Noa.
271 3571 304 3630 p.
331 3561 395 3622 120,
421 3561 448 3612 1.
482 3546 587 3613 hallec
602 3569 722 3632 genere
741 3557 866 3612 neutro.
898 3547 1034 3613 Plautus
1057 3549 1226 3615 Asinaria:
1251 3552 1321 3637 ‘qui

288 3651 382 3715 mihi
410 3650 500 3716 olera
536 3652 637 3716 cruda
658 3661 785 3738 ponunt
806 3649 911 3716 hallec
934 3649 1054 3715 duint?
1100 3651 1256 3716 Horatius
1286 3654 1319 3716 in

303 3752 385 3819 libro
408 3753 511 3818 altero
535 3753 741 3818 Sermonum:
773 3757 845 3837 ‘ego
868 3753 993 3817 faecem
1015 3751 1139 3839 primus
1163 3765 1195 3819 et
1217 3752 1322 3818 hallec

304 3856 431 3920 miscui.

175 3964 273 4024 Prisc.
297 3962 349 4022 IV
364 3979 396 4038 p.
423 3969 487 4023 212.
532 3955 572 4022 de
600 3957 713 4026 eodem
742 3954 901 4021 uocabulo
929 3979 1030 4042 agens
1060 3957 1168 4021 adfert
1191 3957 1320 4023 Martia-

303 4060 365 4124 lem
395 4069 427 4124 et
454 4059 644 4142 Horatiu1n3
674 4068 823 4123 auctores
853 4068 963 4124 autem
997 4060 1145 4124 nominat
1170 4059 1321 4124 Flauium

266 4167 268 4174 '
303 4162 447 4248 Capram
470 4171 503 4226 et
524 4163 676 4227 Verrium
699 4161 862 4226 Flaccum.

176 4319 250 4400 Non.
269 4338 304 4397 p.
330 4325 391 4397 199,
417 4327 461 4381 11.
493 4314 568 4380 calx
584 4326 633 4381 est
648 4316 777 4401 generis
794 4315 951 4380 feminini.
983 4313 1147 4400 Vergilius
1163 4313 1221 4382 lib.
1235 4316 1318 4383 XIl:

302 4416 437 4481 ‘ferrata
459 4419 547 4482 calce
569 4419 713 4503 fatigat'.
759 4419 835 4482 calx
857 4417 1038 4483 masculini.
1082 4417 1219 4483 Plautus
1242 4421 1319 4485 Poe-

303 4519 378 4584 nulo
401 4543 429 4585 c.
453 4544 484 4606 q.
509 4543 536 4585 s.
