3160 5126
651 344 860 407 -79-
956 344 963 360 ”

184 515 268 578 Non.
291 536 323 599 p.
347 513 397 594 74,
419 513 473 577 29.
518 518 633 592 apisci,
670 517 810 591 adipisci.
854 515 987 576 Lucilius
1023 515 1086 576 Sal.
1123 517 1173 576 lib.
1214 517 1333 578 XXVI.

314 637 341 678 e.
389 637 447 678 .s.

184 716 278 783 Paul.
299 739 332 802 p.
357 637 406 780 lql.
452 722 603 782 ...sicul
624 727 654 781 cl
674 722 771 796 apisci
787 737 846 795 pro
869 721 1008 796 adipisci.

187 903 273 968 Non.
296 925 327 990 p.
352 902 403 984 88,
430 904 478 966 10.
522 911 647 968 canicas
668 913 783 968 ueteres
800 906 946 980 furfures
966 925 1028 966 esse
1050 909 1217 968 uoluerunt.

186 1006 277 1071 Paul.
300 1029 331 1092 p.
353 1005 406 1070 46.
449 1011 576 1070 corsicae
593 1009 738 1083 furfures
760 1013 798 1070 de
816 1009 908 1082 sarre
930 1026 949 1068 a
971 1010 1036 1069 cibo
1056 1025 1165 1069 conum
1188 1018 1323 1071 uoculae.

192 1193 277 1257 Non.
300 1216 333 1280 p.
358 1193 430 1275 159,
452 1193 506 1257 24.
548 1200 665 1273 priua
687 1197 894 1271 sianisical
915 1199 1077 1271 sinpula.
1115 1197 1246 1256 Lucilius
1267 1198 1332 1258 Sal.

317 1299 365 1358 llo.
388 1299 423 1358 I:
458 1299 518 1358 ‘od
542 1315 683 1359 scaenam
711 1299 862 1358 adducam
890 1306 919 1358 el
948 1301 1077 1373 primum
1111 1301 1192 1360 liisce
1220 1297 1332 1358 aldo-

316 1403 413 1460 mine
435 1403 571 1477 liupuni
592 1401 886 1461 aduenientibus
908 1403 1024 1474 priua
1047 1401 1170 1461 daho'
1199 1420 1226 1461 e.
1251 1421 1282 1482 q.
1306 1421 1332 1462 o.

189 1498 274 1564 Gell.
298 1499 344 1581 X,
366 1500 420 1580 20,
443 1499 474 1564 4.
519 1506 661 1577 quocirca
687 1504 846 1576 priuilepia
869 1505 971 1578 polius
998 1503 1103 1563 uocari
1131 1503 1235 1562 delent
1261 1505 1332 1577 quia

98 1589 101 1594 ¹
316 1614 466 1665 ueteres
487 1609 605 1680 priua
633 1606 816 1664 dixerunt
843 1620 938 1678 quae
965 1619 1027 1663 nos
1059 1607 1211 1678 sinpula
1240 1605 1332 1663 dici-

315 1725 400 1767 mus.
445 1723 502 1783 quo
528 1708 618 1767 uerbo
640 1705 774 1767 Lucilius
801 1708 831 1765 in
856 1709 957 1782 primo
978 1709 1144 1765 salirurum
1167 1707 1242 1766 libro
1263 1724 1333 1766 usus

316 1817 374 1870 esl:
397 1809 610 1870 ‘abdomina
633 1809 763 1883 liupuni
783 1808 1080 1868 Aduenienlibus
1099 1810 1216 1882 priua
1239 1809 1333 1868 dabo

314 1913 540 1987 cephalaeaque
560 1905 774 1990 acarnae’.³³)

187 2112 272 2178 Non.
296 2135 328 2198 p.
353 2112 424 2177 165.
468 2117 626 2190 repedare.
669 2115 802 2182 Lucilius
824 2113 888 2174 Sat.
913 2115 963 2174 lio.
987 2115 1111 2174 XXVI.
1134 2132 1162 2179 e.
1185 2134 1216 2197 q.
1241 2134 1266 2175 c.
1294 2141 1297 2146 ·

190 2214 281 2279 Fosi.
303 2238 336 2300 p.
359 2213 432 2279 281.
478 2220 636 2303 repedare,
657 2217 808 2277 recedere.
853 2218 1014 2278 Pacuuius.
1045 2235 1073 2278 e.
1097 2237 1129 2300 q.
1153 2235 1180 2277 u.

188 2419 274 2486 Non.
297 2441 329 2504 p.
352 2419 404 2483 35.
450 2423 698 2497 discerniculum,
726 2438 800 2482 acus
826 2439 903 2496 quae
930 2425 1057 2498 capillos
1083 2425 1239 2484 mulierum
1264 2432 1333 2484 aule

313 2526 445 2599 sronlem
469 2525 596 2593 diuidil,·
618 2526 731 2585 dicium
753 2541 773 2584 o
795 2522 1000 2585 discernendo.

141 2717 143 2722 ,
188 2625 295 2689 Varro
318 2624 359 2688 de
374 2622 395 2688 l.
418 2622 611 2705 l.V§12‘.l.
655 2627 886 2690 discerniculum
907 2644 966 2703 quo
988 2629 1171 2688 discernitur
1191 2631 1330 2705 capillus.

188 2829 274 2894 Non.
297 2851 329 2915 p.
355 2826 454 2912 74³⁴)
498 2847 773 2906 auerruncare‚
803 2839 993 2894 auertere.
1037 2833 1171 2892 Lucilius
1192 2831 1255 2892 Sal.
1279 2832 1330 2892 lio.

316 2933 426 2992 XXX:
450 2934 508 2993 ‘di
527 2937 714 2994 mouerint
736 2935 892 2994 meliora
920 2937 1118 2994 amentium
1146 2949 1330 2994 auerrun-

315 3039 458 3096 cossinl
479 3040 604 3096 luam’
650 3038 802 3096 Pacuuius
826 3037 929 3096 Medo:
952 3039 1084 3112 ‘possum
1106 3052 1160 3110 epo
1175 3038 1263 3095 islam
1280 3053 1332 3095 ca-

310 3141 375 3214 pite
396 3139 514 3198 cladem
541 3143 824 3199 auerruucossere.'
869 3138 911 3199 M.
938 3138 1053 3199 Tullius
1074 3139 1112 3197 de
1131 3139 1253 3211 finibus:
1284 3138 1335 3198 ‘di

316 3243 487 3299 maluerunt
508 3243 632 3300 meliora
654 3249 744 3317 alque
766 3243 926 3300 amentiam
949 3241 1331 3300 auerruncassinlmeam.’

189 3337 293 3402 Varro
316 3335 357 3400 de
379 3335 400 3400 1.
424 3337 446 3401 l.
468 3336 537 3401 VII
559 3342 579 3420 ξ
604 3339 674 3402 102.
718 3359 929 3404 auerruncare
958 3343 1043 3418 apud
1070 3343 1253 3402 Pacuuium:
1277 3343 1335 3402 ‘di

316 3446 502 3503 mouerint
524 3446 680 3504 meliora
702 3453 817 3520 alque
843 3448 1044 3504 amentiam
1074 3461 1332 3505 auerruncos·

315 3549 421 3606 sinl.’
466 3548 509 3605 al>
546 3549 757 3607 ouerlendo
793 3565 1065 3612 auerruncore.
1109 3549 1209 3622 ilaque
1235 3548 1272 3606 ao
1299 3563 1333 3605 eo

314 3650 441 3723 precari
460 3651 561 3718 solent,
585 3656 618 3708 ul
636 3651 774 3724 periculo
796 3658 926 3710 auerlal.

256 3916 299 3984 33)
318 3921 434 3969 Nouium
446 3934 460 3969 e
471 3917 561 3970 Gellio
572 3935 625 3970 non
638 3919 765 3970 hausisse
777 3920 909 3970 Hertzius
922 3921 1015 3971 annal.
1028 3920 1095 3986 phil.
1107 3919 1125 3970 l.
1139 3920 1157 3970 l.
1172 3936 1198 3984 p.
1210 3921 1258 3970 718
1272 3934 1331 3983 puo-

189 4005 276 4057 bauit.
296 4003 406 4053 collatis
425 4008 518 4054 tamen
531 4005 600 4055 Non.
615 4022 640 4070 p.
655 4007 697 4068 35,
711 4021 737 4070 p.
751 4007 798 4055 159
811 4011 839 4056 el
852 4004 922 4056 Gell.
936 4007 974 4067 X,
988 4008 1034 4067 20,
1047 4007 1062 4054 4
1074 4019 1134 4054 cum
1145 4004 1230 4054 Festo
1243 4019 1268 4067 p.
1281 4004 1331 4052 226

177 4090 235 4154 qui
253 4095 335 4139 tenue
355 4089 464 4154 quidem
484 4095 642 4155 excerptum
658 4106 672 4140 e
686 4091 777 4140 Verrii
795 4091 874 4141 libris
888 4090 1012 4141 seruauit
1025 4090 1072 4140 sed
1085 4091 1126 4138 ita
1144 4093 1332 4153 comparatum

188 4179 219 4223 ut
238 4175 391 4224 communio
410 4173 546 4239 quaedam
566 4175 649 4224 etium
669 4189 741 4224 nunc
754 4176 902 4226 interillos
920 4175 996 4226 locos
1015 4173 1179 4236 intercedat,
1200 4173 1331 4239 colligere

189 4258 307 4308 fortasse
327 4258 395 4308 licet
414 4259 534 4309 Gellium
553 4260 691 4324 Noniique
716 4266 854 4310 auctorem
875 4278 889 4312 e
908 4261 1005 4312 Verrio
1023 4258 1127 4309 Flacco
1150 4263 1180 4307 ut
1198 4260 1332 4308 communi

190 4342 265 4392 fonte
283 4343 418 4393 hausisse.

256 4424 300 4492 34)
318 4427 390 4477 haec
409 4429 518 4493 quidem
537 4430 617 4479 ualde
638 4435 766 4495 corrupta
784 4447 836 4481 nec
854 4433 944 4479 tamen
965 4431 1053 4478 itaut
1072 4443 1131 4478 cum
1152 4431 1332 4481 Varroniauis

189 4511 340 4562 similitudo
360 4528 450 4562 eorum
470 4512 597 4578 intellegi
618 4527 670 4564 non
690 4518 785 4580 possit.
824 4516 859 4566 cf.
878 4531 903 4578 p.
926 4518 964 4563 ll.
1255 4509 1260 4516 ’
