3160 5130
618 331 826 396 ..15-

148 500 241 565 11111111
269 501 492 587 exemplorum
522 524 539 564 e
567 500 734 565 Ciceronis
766 495 892 566 oratore
921 509 954 565 01
982 500 1022 565 de
1051 512 1179 569 oratore
1202 501 1294 568 libris

149 603 271 687 (10111111.
304 603 489 685 294-301)
525 603 769 687 desumptorum
803 603 844 668 ab
874 605 957 667 serie
990 625 1073 690 quae
1101 606 1295 669 testimoniis

148 729 166 769 0
190 705 354 769 Ciceronis
383 703 591 768 Academicis
620 714 653 768 et
681 704 959 791 disputationibus
982 704 1176 769 Tusculanis
1205 729 1294 792 repe-

148 808 219 872 titis
246 807 391 871 efficitur
421 827 494 881 non
513 829 583 870 esse
612 806 858 890 seiungendum.
903 805 1103 871 intellectum
1132 819 1183 873 est
1210 809 1294 874 enim

149 908 213 972 iam
236 931 336 996 supra
358 906 507 994 exempla
529 929 547 972 0
568 906 729 972 Varronis
753 907 815 972 illis
839 907 931 972 libris
955 909 996 974 de
1012 931 1047 972 10
1062 911 1184 974 11101100
1206 921 1239 975 01
1254 909 1295 973 de

148 1011 217 1074 uita
238 1009 352 1096 populi
373 1010 514 1074 Romani
536 1009 583 1074 ibi
606 1008 797 1095 plerumque
819 1031 891 1074 0000
913 1010 1058 1097 ascripta
1079 1012 1135 1076 ubi
1157 1034 1293 1075 commo-

148 1112 283 1176 dissime
298 1111 420 1177 licebat
436 1134 493 1198 per
509 1111 606 1198 spatii
623 1111 910 1197 opportunitatem.
949 1113 1064 1176 seriem
1080 1124 1189 1177 autem
1204 1113 1293 1177 illam

149 1215 324 1278 uerborum
352 1235 393 1278 ex
421 1212 605 1278 litterarum
635 1212 749 1278 ordine
777 1211 1012 1298 dispositorum
1041 1237 1104 1278 non
1133 1235 1205 1279 csse
1232 1216 1293 1278 nisi

147 1326 303 1402 tanquam
331 1315 560 1401 praenuntiam
589 1312 787 1400 alphabetici
816 1313 903 1380 illius
933 1316 1056 1380 ordinis
1085 1317 1118 1379 in
1147 1328 1295 1382 extrema

147 1418 264 1502 capitis
288 1428 382 1503 parte
405 1417 502 1503 positi
531 1415 628 1480 facile
658 1438 826 1500 agnosces.
871 1417 997 1482 accedit
1019 1426 1128 1481 autem
1151 1418 1237 1503 quod
1261 1421 1295 1482 in
1335 1449 1338 1457 ·

146 1521 263 1583 ceteris
287 1518 449 1605 capitibus
478 1539 576 1605 saepe
605 1517 790 1582 testimonia
818 1539 835 1580 0
863 1528 1017 1604 quattuor
1039 1518 1103 1582 illis
1127 1512 1293 1584 Ciceronis

146 1622 276 1707 scriptis
303 1621 415 1704 (cratq
433 1621 473 1684 de
496 1629 591 1701 crat,
615 1617 782 1697 neodem„
807 1618 957 1693 Tusculi
980 1641 1044 1684 uno
1067 1619 1180 1683 ordine
1196 1621 1293 1685 lrabe-

147 1746 219 1786 mus
242 1723 438 1788 consociata.
483 1722 530 1786 010
555 1721 586 1785 111
610 1718 712 1784 altero
736 1719 842 1806 capite
865 1743 898 1806 p.
923 1721 993 1801 122),
1021 1723 1056 1785 11
1081 1745 1128 1808 sq.
1152 1723 1228 1786 inde
1252 1725 1294 1786 ab

145 1831 351 1888 r'ncrrrm'scere
377 1846 480 1909 usque
503 1823 546 1886 ad
569 1829 801 1901 irrqcaeraretar
828 1845 911 1884 unus
935 1821 1015 1888 ordo
1040 1823 1181 1888 efficitur
1203 1825 1294 1888 testi·

146 1927 264 1989 moniis
288 1949 305 1990 0
328 1925 494 1990 Ciceronis
517 1924 558 1988 de
581 1933 708 1989 oratore
731 1922 813 1988 libro
837 1921 906 2004 III,
930 1923 1127 1990 Tusculanis
1151 1927 1293 2012 disputa-

147 2029 303 2110 tionibus,
325 2026 532 2091 Academicis
557 2026 696 2112 denique
720 2026 855 2091 haustis·
894 2049 925 2111 p.
951 2027 1011 2090 142
1034 2050 1082 2113 sq.
1106 2029 1147 2092 ab
1178 2035 1294 2105 croyai-

147 2137 298 2207 loquenu‘o
322 2126 492 2214 usquead
520 2134 720 2192 mulierositas
742 2126 909 2191 Ciceronis
940 2139 1065 2209 orator,
1095 2131 1135 2193 de
1165 2140 1294 2194 oratore

149 2231 243 2311 libri,
268 2229 527 2294 Tusculanorum
557 2229 640 2294 liber
663 2229 712 2292 IV
735 2251 799 2294 uno
823 2230 937 2292 ordine
958 2230 1161 2294 adferuntur.
1209 2234 1292 2313 sim-i-

149 2334 223 2396 liter
245 2343 353 2396 autem
376 2334 408 2396 in
433 2330 547 2396 ordine
574 2330 629 2395 illo
660 2330 884 2418 exemplorum
907 2332 1194 2400 Ciceronianorum
1218 2333 1294 2396 inde

148 2458 166 2498 a
189 2459 221 2520 p.
251 2435 318 2512 162,
343 2437 362 2496 9
383 2440 581 2513 petulantiam
598 2471 638 2478 -—
652 2439 781 2513 protam
803 2437 930 2509 difficile
952 2432 1090 2520 aliaque.

233 2535 339 2622 Supra
367 2535 429 2599 iam
458 2535 665 2599 narrauimus
694 2535 842 2599 Riesium
869 2536 949 2599 satis
978 2536 1293 2601 acute'obsernasse

147 2640 248 2701 series
272 2637 494 2723 exerrrplorum
518 2638 656 2723 quaein
680 2635 782 2700 altera
804 2637 898 2722 primi
927 2637 1044 2723 capitis
1068 2649 1160 2723 parte
1184 2637 1292 2722 legun·

146 2751 208 2820 tur,
233 2740 345 2804 eodem
370 2740 483 2804 ordine
504 2740 538 2802 in
566 2739 703 2824 singulis
733 2739 848 2824 capitis
879 2740 1013 2803 secundi
1035 2739 1152 2803 litteris
1177 2741 1293 2804 redire.

145 2841 284 2905 dilatare
307 2852 415 2904 autem
440 2840 516 2904 licet
539 2840 624 2903 hanc
647 2840 910 2905 obseruationem
933 2843 980 2904 ita
1003 2852 1040 2904 ut
1055 2864 1165 2906 omnes
1189 2865 1293 2927 paene

146 2945 242 3028 primi
265 2942 382 3028 capitis
406 2943 507 3006 series
531 2941 753 3027 exemplorum
781 2943 812 3005 in
843 2943 958 3005 ceteris
988 2943 1150 3028 capitibus
1180 2943 1291 3008 eodem

146 3045 260 3108 ordine
283 3065 354 3107 sese
378 3044 528 3130 excipere
552 3044 698 3106 dicamus
722 3043 834 3128 paucis
858 3065 878 3107 a
899 3043 996 3109 001110
1012 3067 1101 3109 111010
1117 3045 1292 3108 abhorren-

147 3147 248 3210 tibus.
293 3167 357 3228 qua
386 3147 418 3208 in
446 3169 481 3209 10
504 3168 562 3230 per
586 3165 620 3207 se
643 3145 844 3229 intellegitur
866 3147 996 3209 ordines
1020 3144 1092 3210 illos
1117 3149 1292 3212 uerborum

147 3259 180 3312 01
201 3247 432 3311 aduerbiornm
454 3246 487 3309 in
511 3247 611 3310 011010
635 3255 761 3310 1011111111
784 3248 889 3331 capite
912 3247 1017 3312 locum
1040 3249 1102 3312 sibi
1125 3249 1293 3314 uindicare

148 3353 304 3434 potuisse,
328 3348 476 3413 ordinem
499 3358 609 3412 autem
633 3347 721 3411 illum
747 3349 919 3412 uerborum
943 3351 1024 3413 uitia
1040 3350 1223 3436 corporalia
1238 3375 1292 3416 oo·

147 3452 283 3515 tantiam
308 3446 467 3536 nusquam
490 3450 607 3513 redire.
653 3471 757 3535 neque
784 3449 852 3512 ulla
879 3451 1054 3516 uerborum
1082 3453 1181 3516 series
1211 3454 1292 3517 litte-

146 3575 257 3616 rarum
281 3551 387 3616 ordini
417 3553 661 3616 accommodata
689 3555 723 3616 in
751 3551 866 3615 ceteris
895 3554 1057 3638 capitibus
1081 3557 1242 3640 reperitur
1265 3556 1293 3618 si

146 3655 314 3740 exceperis
337 3657 442 3737 capita
465 3653 511 3735 Il,
536 3655 599 3733 III,
622 3653 672 3718 IV
695 3676 779 3739 quac
796 3662 864 3718 tota
880 3654 1059 3718 secundum
1075 3655 1200 3720 litteras
1216 3679 1291 3720 oon·

146 3757 271 3843 scripta
293 3763 379 3820 sunt.
430 3758 539 3841 Atque
567 3777 607 3818 ne
627 3756 697 3820 ¹hoc
725 3755 856 3842 quidem
884 3768 958 3840 eget
987 3759 1293 3822 commemoratione

144 3870 271 3924 ceteros
295 3858 424 3922 ordines
447 3881 512 3922 non
535 3879 646 3922 omnes
670 3857 704 3922 in
726 3880 922 3944 unoquoque
945 3860 1051 3944 capite
1081 3859 1219 3923 inueniri
1236 3859 1293 3922 sed

143 3961 252 4047 potius
276 3961 363 4024 hunc
385 3959 437 4024 uel
465 3957 557 4024 illum
584 3981 810 4046 nonnusquam
840 3961 955 4026 abesse
983 3983 1021 4024 00
1049 3983 1161 4024 11110110
1184 3961 1219 4023 in
1242 3983 1292 4024 ca-

145 4063 269 4148 pitibus
299 4061 534 4147 posterioribus
563 4061 694 4126 ordines
730 4073 842 4127 extare
873 4085 953 4148 quos
982 4063 1015 4126 in
1048 4065 1153 4148 primo
1187 4063 1293 4148 capita

145 4165 269 4227 frustra
291 4164 501 4249 quaesiuoris.
541 4163 613 4228 dico
636 4174 746 4228 autem
760 4163 1033 4230 Sallustianorum
1045 4163 1174 4228 ordines
1187 4187 1291 4228 exem-

145 4264 272 4358 plorum
287 4264 343 4348 (cf.
356 4264 488 4329 alterius
501 4266 617 4352 capitis
632 4266 757 4330 litteras
773 4267 809 4330 M
825 4277 857 4331 ct
872 4267 914 4347 V,
939 4266 1055 4329 deinde
1073 4269 1182 4350 capita
1197 4266 1292 4346 VIII,

145 4365 250 4444 Xlll,
279 4365 379 4447 XIV,
408 4367 548 4453 XVIII)
578 4376 610 4431 01
640 4369 826 4432 testimonia
853 4391 870 4431 e
899 4367 1066 4432 Ciceronis
1103 4368 1143 4431 de
1173 4368 1293 4434 finibus

144 4467 238 4532 libris
263 4469 366 4552 petita
394 4469 537 4553 quaein
567 4468 715 4553 plurimis
744 4470 878 4532 alterius
910 4470 1027 4554 capitis
1058 4470 1176 4534 litteris
1206 4479 1237 4532 01
1260 4471 1292 4534 111
