3160 5130
733 356 945 420 ..40-

268 530 315 593 sic
337 529 439 612 igitur
462 527 569 592 elucet
583 527 725 592 Nonium
742 525 873 612 singula
894 524 1051 592 lemmata
1072 526 1161 592 haud
1175 549 1251 593 raro
1274 526 1409 592 diuersis

267 654 284 694 e
313 631 461 695 fontibus
490 627 695 714 compilasse.
741 633 780 694 de
811 627 949 714 singulis
979 639 1085 694 autem
1114 627 1311 695 testimoniis
1340 629 1411 692 sub·

267 733 385 796 seciuis
409 730 491 796 certi
513 730 686 818 quicquam
708 739 853 795 uteruas
869 730 927 794 uix
943 731 1110 815 continget
1133 730 1165 794 in
1188 739 1283 795 tanta
1306 751 1410 794 exem-

268 831 395 920 plorum
417 832 594 917 farragine.
651 899 654 904 ,
861 891 864 898 ,

353 935 517 1016 Quoniam
545 934 647 1020 igitur
675 942 830 1020 quantum
859 933 931 999 fieri
959 935 1066 1022 potuit
1093 957 1134 999 ex
1162 936 1235 1020 ipsa
1262 933 1411 999 ordinum

266 1036 500 1124 compositione
542 1036 786 1101 enucleauimus
824 1035 929 1122 qualis
974 1049 1142 1104 astutorum
1184 1038 1285 1101 fuerit
1329 1036 1410 1104 ratio

267 1162 395 1227 quoque
424 1139 520 1205 modo
543 1139 590 1202 eis
619 1162 698 1204 usus
727 1139 770 1203 sit
798 1139 922 1204 Nonius
951 1161 1089 1226 cumque
1118 1138 1348 1204 adumbratum
1371 1138 1411 1204 sit

266 1251 421 1328 quantum
445 1240 626 1306 adiumenti
642 1249 778 1326 uterque
794 1250 1028 1305 commentator
1043 1241 1071 1305 ei
1088 1241 1288 1326 praebuerit,
1312 1250 1412 1304 restat

265 1353 303 1409 ut
331 1343 522 1430 indagemus
552 1343 721 1407 cuiusnam
749 1342 974 1408 commentarii
1004 1343 1136 1407 fuerint.
1188 1341 1276 1430 quod
1305 1342 1331 1406 si
1355 1342 1407 1405 mi·

266 1467 326 1510 nus
361 1445 455 1511 nobis
490 1444 681 1530 contigerit,
715 1443 775 1510 hoc
812 1453 899 1509 certe
936 1444 1127 1510 studeamus
1164 1467 1277 1509 eruere
1314 1466 1410 1532 quam

266 1547 388 1613 fuerint
420 1545 474 1612 uel
502 1546 622 1614 eruditi
656 1556 928 1612 commentatores
962 1546 1014 1612 uel
1047 1547 1181 1612 indocti.
1223 1546 1322 1610 etiam
1353 1545 1410 1608 hoc

265 1648 345 1714 utile
363 1650 561 1736 eritprimos
582 1658 737 1736 tanquam
759 1649 866 1714 fontes
890 1649 1104 1734 inuestigare,
1128 1649 1155 1713 si
1179 1650 1266 1734 ipsos
1289 1646 1410 1711 riuulos

267 1775 324 1838 per
352 1774 433 1839 quos
468 1751 517 1818 itti
548 1751 582 1815 in
610 1748 762 1836 paludem
796 1751 979 1817 Nonianum
1007 1750 1139 1817 deducti
1162 1752 1228 1817 sint
1262 1749 1411 1834 detegere

266 1853 449 1942 nequimus.

350 1955 420 2019 Iam
443 1954 546 2039 igitur
568 1965 644 2020 ante
661 1955 769 2021 omnia
784 1956 1012 2042 inquirendum
1029 1957 1091 2022 erit
1110 1979 1187 2020 num
1204 1955 1287 2019 forte
1303 1975 1411 2019 eorum

266 2078 346 2142 quos
369 2065 481 2121 notum
505 2066 555 2122 est
577 2056 746 2122 exstitisse
769 2057 858 2143 apud
881 2059 1008 2124 ueteres
1029 2058 1335 2124 commentariorum
1358 2052 1411 2118 ali-

265 2157 322 2244 qui
345 2155 451 2223 Nonio
474 2159 548 2223 usui
571 2159 702 2224 fuerint.
748 2161 898 2226 nouimus
926 2170 1033 2227 autem
1063 2183 1104 2225 ex
1127 2156 1297 2224 Ritschelii
1320 2179 1408 2244 prae-

265 2259 355 2324 clara
370 2258 411 2324 de
426 2261 588 2326 Plautinis
605 2261 852 2352 quaestionibus
875 2263 1078 2350 expositione
1101 2262 1182 2327 duos
1206 2260 1408 2347 potissimum
1433 2259 1436 2264 ’

264 2361 410 2427 homines
434 2364 489 2449 qui
513 2365 614 2428 iustos
638 2365 680 2428 ad
703 2362 871 2430 Plautinas
895 2364 1023 2431 fabulas
1047 2364 1237 2450 scripserint
1252 2383 1409 2426 commen·

264 2461 381 2528 tarius:
418 2464 587 2530 Sisennam
615 2475 648 2531 et
677 2466 866 2532 Terentium
895 2468 1064 2534 Scaurum.
1110 2465 1292 2552 dequibus
1316 2462 1409 2529 hodie

264 2565 298 2628 in
322 2574 414 2630 tanta
436 2565 648 2652 reliquiarum
670 2569 808 2654 penuria
822 2593 987 2657 perpauca
1001 2568 1149 2634 conicere
1165 2567 1250 2650 licet,
1273 2564 1409 2653 probare

266 2667 334 2732 fere
356 2666 447 2732 nihil.
493 2691 688 2755 quamquam
718 2670 804 2734 enim
828 2672 984 2737 Sisennae
1012 2671 1196 2754 fragmenta
1219 2668 1408 2733 conferenti-

265 2770 326 2835 bus
350 2771 444 2835 nobis
474 2793 547 2836 cum
570 2771 727 2836 Noniauis
757 2773 918 2839 lemmatis
947 2773 1102 2838 nonnulla
1131 2779 1307 2838 occurrunt
1329 2791 1408 2858 quae

265 2873 345 2938 satis
381 2873 572 2957 concinant,
604 2876 761 2961 pauciora
794 2887 903 2942 tamen
930 2875 1085 2940 uidentur
1107 2897 1203 2961 quam
1226 2885 1263 2940 ut
1290 2881 1408 2938 certam

265 2975 427 3061 possimus
451 2978 598 3063 proferre
621 2977 852 3044 coniecturam.
897 2987 973 3042 sunt
995 2987 1104 3042 autem
1127 2980 1221 3042 haec:

418 3153 496 3214 Non.
516 3171 558 3229 p.
574 3159 600 3226 9,
628 3162 662 3213 i:
852 3153 1038 3229 Sisennaap.
1049 3154 1140 3212 Char.
1152 3170 1183 3228 p.
1197 3157 1258 3224 198,
1269 3158 1308 3210 24
1318 3152 1408 3210 Keil:

264 3273 445 3329 examussim
460 3273 572 3332 dicitur
594 3275 768 3332 examinate
783 3275 824 3331 aa
850 3273 1032 3333 examussim
1047 3273 1174 3332 Plautus
1189 3275 1220 3332 in
1236 3271 1407 3346 Amphitru·

264 3373 401 3442 requiam
438 3374 487 3431 net
522 3357 745 3446 casamentum:
781 3381 824 3434 est
851 3376 1226 3436 one‘exarnussimcst
1248 3371 1411 3449 optima*

264 3473 342 3531 eninr
371 3475 496 3532 amussis
523 3477 631 3547 reauta
660 3475 823 3547 labrorum
851 3478 902 3537 ubi
915 3477 1043 3538 Sisenna
1072 3480 1153 3551 ‘pro
1175 3474 1406 3536 examinata'

264 3589 354 3647 quam
377 3574 536 3638 architecti
562 3593 629 3637 curn
657 3595 732 3652 opus
751 3595 823 3653 pro·
849 3580 955 3655 inquit.
980 3581 1106 3638 amussis
1128 3583 1225 3637 autem
1248 3583 1291 3636 est
1306 3578 1407 3639 tabula

264 3677 346 3748 bant,
370 3676 494 3735 rubrica
516 3679 656 3738 inlinunt.
698 3682 823 3741 Plautius
835 3722 836 3768 q
848 3683 1008 3742 rubricata
1023 3697 1102 3755 quire
1118 3682 1278 3740 dimittitur
1292 3681 1406 3739 exami-

227 3855 233 3869 .
256 3779 299 3836 vin
324 3777 542 3852 Amphitruone
564 3798 589 3838 e.
612 3799 643 3862 q.
668 3800 693 3841 s.
849 3783 948 3842 nancti
968 3785 1069 3857 operis
1089 3784 1195 3857 aratia
1223 3799 1264 3841 an
1292 3787 1406 3840 rectum

850 3903 925 3960 opus
946 3893 1062 3959 rurant.

392 4084 468 4144 Nan.
487 4101 520 4160 p.
545 4091 612 4162 178,
638 4087 704 4143 26?
884 4089 1012 4149 Sisenna
1023 4106 1072 4165 ap.
1088 4089 1203 4149 Charis.
1214 4106 1243 4164 p.
1260 4095 1324 4160 221,
1340 4095 1372 4146 9:
1406 4075 1407 4080 ¹

264 4205 384 4262 tractim
407 4214 438 4263 ut
459 4207 567 4264 sensim
591 4206 680 4264 idest
696 4207 821 4282 diutine,
835 4210 836 4292 J
849 4209 1115 4270 tructimi‘tuutus
1127 4213 1157 4268 in
1175 4209 1405 4284 raptui-uana

263 4305 353 4374 tonan
368 4311 476 4366 tractu.
511 4308 637 4367 Plautus
652 4309 681 4366 in
702 4309 820 4383 Auspici-
833 4310 836 4375 i
848 4311 900 4369 ubi
912 4311 1041 4370 Sisenna
1064 4309 1144 4386 ‘pro
1166 4311 1278 4370 tente’
1298 4312 1404 4384 inquit,

193 4401 198 4412 '
264 4413 388 4464 truane:
410 4409 531 4480 quidsi
551 4426 605 4482 eno
627 4428 654 4470 e.
679 4429 709 4492 q.
734 4429 759 4469 s.
832 4381 916 4531 ‘l‘nan
939 4421 971 4472 ut
986 4415 1078 4473 Maro
1095 4414 1260 4487 Gauraimn
1284 4413 1405 4488 quarto'

831 4532 873 4584 tc.
898 4533 927 4598 q.
953 4534 978 4576 s.
