3160 5130
726 341 764 348 --
810 305 830 366 4

494 494 670 554 oenerosum
694 472 781 538 Tull.
806 473 846 537 de
870 473 922 537 off.
944 474 1007 556 III,
1032 475 1063 554 ξ.
1086 473 1137 538 80.

493 583 657 656 pretiosum
676 573 777 658 ⁸Tull.
803 573 842 639 de
867 574 920 639 off.
943 573 1006 655 III,
1030 579 1061 657 ξ.
1083 575 1135 639 58.

493 684 672 756 prolificore
695 675 783 741 Tull.
806 675 995 742 Hortensio.

246 780 319 846 aliis
353 780 492 868 denique
524 779 603 844 locis
642 779 747 844 iustus
783 778 862 844 ordo
899 777 996 844 facile
1039 780 1225 844 coniectura
1267 780 1396 845 restitui

247 891 364 970 potest.
419 903 524 968 neque
558 882 646 946 enim
680 881 831 966 equidem
865 879 979 945 dubito
1014 883 1092 966 quin
1130 891 1218 948 recte
1252 882 1395 946 coniece-

247 985 291 1049 rit
320 982 606 1050 Schottmuellerus
634 981 670 1068 (l.
695 981 715 1046 l.
739 1006 770 1068 p.
794 982 871 1064 830)
902 983 935 1046 in
960 983 1206 1048 Lucilianorum
1234 982 1396 1070 exemplo-

248 1110 319 1152 rum
348 1085 462 1151 ordine
492 1109 523 1170 p.
547 1085 600 1166 20,
623 1083 665 1148 34
688 1107 758 1170 sqq.
781 1091 909 1149 triennes
930 1084 1049 1150 Lucilii
1080 1084 1199 1149 librum
1221 1084 1288 1150 XV
1311 1109 1337 1149 s.
1363 1107 1395 1148 u.

146 1177 158 1188 ⁸
247 1209 342 1268 saque
370 1187 491 1252 librum
519 1185 621 1250 XVII
656 1185 803 1250 adlatum
836 1186 938 1250 fuisse
972 1209 992 1250 a
1024 1186 1130 1253 Nonio
1164 1187 1243 1271 (non
1277 1187 1396 1252 librum

249 1290 301 1356 XI
324 1299 358 1356 et
380 1289 464 1370 VII,
495 1298 533 1354 ut
560 1297 607 1352 est
635 1290 669 1351 in
698 1287 954 1374 manuscriptis).
1004 1311 1108 1375 neque
1149 1289 1257 1353 minus
1285 1285 1395 1352 uidea-

248 1402 301 1457 tur
328 1392 399 1457 ueri
434 1390 539 1455 simile
566 1389 600 1453 in
628 1398 773 1455 extremo
803 1388 928 1455 ordinis
956 1389 1200 1454 Lucilianorum
1235 1388 1396 1476 exemplo-

247 1507 318 1558 rum
349 1496 396 1579 (p.
424 1493 481 1574 87,
510 1493 552 1556 33
580 1491 664 1579 sqq.)
688 1490 840 1558 lemmate
866 1499 956 1559 cordi
981 1505 1025 1557 cst
1047 1515 1104 1578 pro
1130 1497 1227 1558 Lucil.
1256 1497 1317 1555 Sol.
1345 1495 1395 1555 lib.

248 1600 332 1662 XVI
359 1595 568 1660 scribendum
599 1616 669 1658 esse
699 1599 795 1660 Lucil.
826 1599 887 1664 Sol.
919 1601 971 1661 lib.
1002 1599 1140 1672 XXVI,
1180 1617 1211 1680 p.
1250 1593 1327 1674 103,
1356 1592 1397 1656 29

248 1721 314 1764 non
345 1702 441 1765 Lucil.
470 1700 533 1762 Sat.
561 1701 610 1762 lib.
641 1700 685 1760 VI
711 1718 824 1762 uerum
851 1696 961 1782 potius
988 1701 1038 1762 lio.
1061 1701 1178 1761 XXVI
1198 1717 1269 1759 esse
1292 1693 1399 1778 legen-v

249 1801 335 1867 dum.
387 1807 474 1863 reete
505 1797 643 1884 denique
673 1797 826 1862 existimo
854 1798 1000 1862 Riesium
1030 1799 1079 1883 (in
1108 1797 1191 1863 libro
1222 1795 1396 1882 philologis

249 1900 503 1982 Heidelbergam
533 1898 742 1963 conventuris
772 1899 934 1964 destinato
967 1899 1119 1986 editoque
1150 1898 1284 1985 Lipsiae
1313 1917 1396 1962 anno

251 2002 345 2084 1865)
379 2025 410 2087 p.
439 2000 481 2066 58
514 1999 694 2066 coniecisse
727 2000 762 2063 in
790 2000 903 2065 ordine
936 2001 1202 2067 Sisennianorum
1236 1998 1396 2085 exemplo-

249 2127 321 2168 rum
342 2126 374 2191 p.
401 2102 471 2185 161,
496 2101 536 2166 27
555 2104 799 2182 praefestinoo'm
821 2125 880 2189 pro
898 2108 1025 2170 Sisenna
1047 2109 1241 2170 historiarum
1259 2108 1309 2168 lib.
1328 2104 1400 2165 IIII

250 2206 459 2271 scribendum
482 2209 554 2269 csse
575 2209 624 2269 lib.
651 2207 713 2268 III.
723 2205 750 2290 l)
795 2227 902 2292 pauca
925 2206 1056 2292 quidem
1085 2214 1160 2270 sunt
1182 2205 1333 2291 exempla
1355 2202 1396 2266 ab

249 2310 336 2374 iusto
359 2308 475 2373 ordine
498 2306 620 2372 absona
643 2327 748 2392 neque
771 2307 950 2372 timendum
973 2316 1023 2372 est
1045 2330 1085 2373 ea
1106 2329 1147 2372 ne
1173 2306 1252 2393 quid
1274 2305 1398 2371 faciant

250 2421 365 2476 contra
388 2410 651 2474 obseruationem
673 2417 820 2473 nostram
842 2431 901 2496 per
924 2431 1034 2474 omnes
1064 2409 1207 2490 ordines,
1236 2408 1292 2495 qui
1320 2429 1397 2470 num

251 2513 337 2577 iusto
365 2533 454 2576 more
488 2510 668 2596 procedant
700 2512 843 2576 numeris
878 2513 1029 2598 persequi
1056 2509 1154 2577 hodie
1184 2511 1281 2575 etiam
1309 2510 1396 2590 licet,

253 2612 509 2702 comprobatam,
532 2612 597 2676 nisi
619 2610 681 2677 hoc
696 2611 781 2678 forte
797 2614 1017 2700 suspicionem
1032 2635 1164 2679 mouere
1179 2611 1294 2698 possit,
1311 2611 1397 2698 quod

253 2717 287 2782 in
309 2714 577 2800 Vergilianorum
600 2714 824 2801 exemplorum
848 2716 1018 2782 ordinibus
1042 2717 1171 2802 saepius
1187 2713 1398 2778 inueniuntur

250 2817 438 2883 testimonia
465 2817 571 2882 alieno
606 2815 677 2882 loco
710 2817 827 2904 posita.
862 2818 921 2882 scd
948 2817 1123 2903 expeditur
1149 2818 1290 2881 fortasse
1317 2814 1398 2878 haec

252 2919 430 2986 difficultas
454 2943 503 3003 eo,
527 2920 614 3007 quod
638 2919 795 2985 credibile
817 2919 949 2984 uidetur
963 2920 1104 2990 Nonium
1120 2916 1259 3003 Vergilii
1281 2937 1397 2981 uersus

251 3022 339 3102 haud
362 3045 436 3087 raro
459 3021 513 3087 uel
534 3022 642 3109 ipsum
665 3024 831 3088 inuenisse
853 3021 943 3109 apud
958 3031 1087 3108 poetam
1102 3021 1155 3086 uel
1171 3018 1327 3084 memoria
1342 3038 1397 3081 eos

251 3135 416 3190 tenentem
438 3124 610 3207 adiecisse,
633 3147 710 3189 nam
733 3134 803 3190 tum
826 3125 981 3212 temporis
997 3145 1114 3211 pueros
1136 3123 1200 3187 iam
1224 3120 1398 3186 edidicisse

251 3226 390 3310 Vergilii
413 3229 558 3290 carmina
580 3236 692 3290 notum
708 3236 768 3292 est.
805 3225 868 3290 hoc
883 3248 1011 3312 quoque
1026 3226 1114 3290 haud
1129 3225 1225 3312 parui
1244 3221 1398 3288 momenti

251 3326 384 3392 uidetur
406 3327 519 3408 fuisse,
543 3327 630 3413 quod
653 3349 877 3415 quemcunque
901 3326 950 3390 sui
973 3326 1127 3413 temporis
1151 3327 1269 3392 librum
1293 3345 1396 3410 gram·

252 3428 408 3496 maticum
443 3428 603 3514 inspexit,
638 3429 829 3514 Vergiliana
862 3427 1021 3514 imprimis
1056 3428 1206 3514 exemplo
1244 3437 1398 3513 tanquam

252 3601 453 3609 ——-——-—-——

320 3705 347 3766 6)
366 3703 443 3753 leues
465 3702 529 3752 illae
555 3705 721 3754 mutationes
745 3685 911 3767 quamquam
936 3719 985 3768 per
1008 3719 1069 3754 sese
1093 3709 1168 3753 recte
1194 3704 1287 3754 factae
1314 3703 1398 3753 facile

253 3789 411 3849 uideantur,
438 3803 470 3837 eo
495 3788 583 3854 magis
606 3805 667 3839 sese
692 3788 869 3839 sustinebunt
892 3803 944 3852 quo
968 3789 1079 3853 saepius
1109 3789 1167 3839 eius
1195 3789 1266 3839 modi
1290 3805 1398 3839 errores

253 3875 381 3926 librarios
399 3871 519 3923 Noniani
543 3874 635 3938 operis
655 3874 824 3923 commisisse
843 3871 958 3922 uidebis.
991 3889 1015 3938 p.
1037 3874 1076 3935 14,
1096 3875 1111 3924 5
1136 3874 1244 3924 codices
1268 3873 1399 3923 exhibent

146 3955 152 3968 '
253 3963 358 4012 burrei.
377 3960 418 4010 no.
442 3957 473 4020 V,
493 3957 611 4023 legimus
630 3963 720 4008 nutem
740 3974 849 4009 uersum
868 3957 989 4008 adlatum
1012 3959 1054 4013 u'o.
1077 3959 1130 4020 VI,
1151 3961 1214 4019 7413
1238 3974 1264 4023 p.
1283 3960 1347 4020 472,
1369 3961 1399 4008 10

254 4023 486 4109 qu’ndscribitur
504 4043 621 4108 Vergilii
640 4058 737 4094 uersus
755 4061 809 4094 non
827 4044 892 4095 libro
910 4044 944 4118 X,
964 4059 1057 4094 uerum
1082 4045 1172 4109 potius
1191 4043 1256 4094 libro
1275 4044 1329 4104 XI,
1349 4044 1399 4092 ooo

254 4131 402 4181 inuenitur.
439 4134 470 4178 ut
489 4127 605 4192 denique
628 4129 688 4194 ipso
708 4129 855 4178 Luciliano
875 4127 1001 4192 exemplo
1020 4133 1095 4190 utar,
1115 4145 1140 4194 p.
1160 4130 1218 4190 201,
1238 4131 1253 4178 9
1271 4129 1399 4178 Noniano

253 4215 442 4279 manuscripta
465 4212 601 4278 praebent
626 4213 706 4266 Lucil.
724 4215 779 4262 Sat.
799 4213 841 4265 ub.
864 4214 896 4276 V,
921 4195 1045 4277 quamuis
1071 4214 1243 4275 Priscianus,
1269 4214 1314 4262 cui
1338 4214 1398 4262 sino

254 4298 336 4347 «lubio
366 4299 494 4347 maiorem
524 4297 600 4346 sulem
625 4297 789 4360 tribuemus,
814 4295 927 4347 eundem
951 4314 1060 4348 rrcrsum
1085 4316 1098 4348 n
1123 4299 1187 4347 liin-o
1209 4297 1248 4346 VI
1275 4297 1400 4347 attuleris

254 4382 305 4448 (cI.
326 4383 411 4433 Prisc.
431 4398 456 4448 p.
477 4385 526 4433 203
546 4379 655 4438 Herlul.
681 4382 813 4432 rrirrsmodi
829 4387 919 4432 alutem
941 4385 1098 4433 rttorulorum
1118 4384 1244 4446 exempla
1264 4382 1399 4446 pennultn

255 4466 357 4518 adferri
382 4465 465 4516 Iocile
485 4473 610 4532 possunt.
