3160 5130
653 317 859 381 ..39-

185 489 297 573 negari
332 488 461 553 omnino
499 488 611 573 nequit
646 509 711 552 non
743 485 834 552 nulla
861 487 971 574 ipsum
998 491 1152 557 assuisse.
1195 503 1333 580 apparet

185 591 271 654 enirn
295 588 477 654 luculenter
499 612 541 654 ex
564 595 781 669 halophantam
804 588 954 656 lemmate
976 613 1009 678 p.
1028 591 1099 674 120,
1116 595 1146 657 8.
1175 593 1234 658 ubi
1248 594 1331 659 Mer-

185 694 290 762 cerius
314 713 387 756 cum
409 692 511 757 uerba
533 697 750 772 halophantam
777 697 950 758 mendacem
972 699 1044 759 66111
1070 694 1158 781 apud
1188 694 1332 760 Gellium

186 794 242 878 (N.
265 796 306 858 A.
331 793 428 878 VIII,
454 794 508 879 10)
537 805 650 860 extare
672 793 827 878 uidisset,
857 787 966 860 statim
990 805 1093 861 toturn
1117 796 1234 862 lemma
1257 798 1332 864 Gel-

184 897 307 961 lianum
336 919 408 962 esse
436 895 576 981 collegit.
621 896 708 984 quod
736 883 1066 984 quamquamminus
1094 908 1182 964 recte
1206 899 1332 966 6111116

185 999 300 1066 doctus
324 997 501 1064 coniecisse
524 999 604 1064 mihi
626 999 769 1081 uidetur,
792 1000 854 1064 hoc
876 1011 987 1072 tamen
1009 1009 1136 1066 constat
1152 1011 1333 1067 extremum

184 1101 268 1168 illud
291 1101 513 1166 testimouium
541 1124 561 1166 a
584 1101 691 1168 Gellio
721 1102 900 1190 sumpsisse
923 1104 1064 1170 Nonium
1095 1104 1187 1169 cuius
1210 1105 1257 1169 rei
1280 1105 1333 1172 vel

185 1203 267 1268 illud
294 1216 324 1267 ot
350 1211 428 1268 altas
456 1209 615 1268 stabilitatis
644 1210 788 1270 obscurae
816 1226 874 1269 nos
904 1215 1023 1272 monet.
1067 1205 1227 1293 reliquam
1253 1229 1332 1272 uero

186 1305 315 1392 glossae
337 1316 464 1392 partem
488 1307 737 1372 commentatori
759 1306 969 1390 tribuendam
991 1331 1063 1373 esse
1079 1332 1121 1374 ex
1142 1310 1215 1396 ipso
1238 1307 1332 1374 fabu-

185 1407 291 1472 larum
326 1407 438 1473 ordine
467 1406 673 1495 alphabetico
704 1408 831 1493 (Aulul.
867 1409 1013 1496 Curcul.)
1045 1421 1142 1476 etex
1171 1411 1241 1477 loco
1270 1417 1332 1498 quo

186 1509 297 1574 breuis
326 1509 381 1575 ille
409 1509 488 1575 ordo
514 1511 639 1597 positus
669 1521 720 1577 est
746 1509 957 1576 manifestum
988 1513 1036 1578 fit.
1081 1521 1218 1600 utraque
1246 1513 1333 1578 eninr

186 1635 238 1678 res
261 1613 356 1677 nobis
378 1612 556 1700 persuadet
577 1635 613 1677 re
634 1635 714 1678 uera
736 1612 791 1679 illo
814 1613 884 1678 loco
911 1613 1032 1678 iustum
1062 1615 1208 1680 ordinem
1235 1614 1331 1680 Plau·

189 1715 332 1781 tinorum
355 1714 579 1802 exemplorum
601 1725 725 1781 extare.

252 1816 375 1901 utqui
398 1839 472 1881 cum
494 1816 594 1882 semel
616 1817 865 1903 cognouerimus
889 1818 1075 1904 exemplum
1089 1818 1170 1884 illud
1192 1817 1333 1884 eGellic

188 1929 352 2006 sumptum
364 1928 478 2004 postea
493 1918 636 1986 lemmati
654 1921 762 2007 ipsum
774 1919 917 1984 Nonium
934 1919 1112 2003 addidisse,
1125 1919 1190 1985 6116
1206 1942 1334 2006 quoque

186 2019 338 2107 exempla
346 2020 504 2088 credibile
515 2021 553 2087 fit
564 2044 638 2086 eum
650 2022 808 2088 adiecisse
818 2023 925 2110 ipsum
938 2031 971 2087 et
982 2022 1194 2108 probabiliter
1203 2021 1334 2109 quidem

187 2123 477 2190 Schottmuellcrus
500 2147 612 2190 eorum
635 2126 829 2212 scriptorum
852 2125 1040 2191 testimonia
1061 2126 1178 2190 statuit
1193 2146 1213 2188 6
1227 2124 1334 2190 Nonio

187 2227 258 2312 ipso
281 2234 409 2290 asserta
431 2248 503 2290 esse
526 2248 606 2313 quos
630 2225 702 2292 61116
725 2226 804 2292 16616
820 2249 879 2314 per
894 2226 1024 2293 ordines
1048 2227 1233 2293 describere
1252 2226 1334 2292 sole-

186 2330 256 2394 bat.
301 2329 355 2393 cui
378 2327 530 2416 equidem
553 2329 733 2394 sententiae
761 2351 798 2394 eo
827 2331 931 2414 magis
953 2327 1138 2414 adstipulor
1165 2328 1254 2414 quod
1277 2351 1336 2414 per

188 2441 297 2496 cetera
324 2453 452 2518 quoque
481 2429 589 2518 capita
616 2432 754 2496 eandem
781 2430 887 2516 legem
916 2453 1013 2518 quam
1042 2429 1333 2516 Schcttmucllerus

187 2555 219 2618 p.
243 2532 304 2597 827
329 2556 377 2619 sq.
409 2533 449 2598 de
473 2534 696 2622 exemplorum
719 2533 967 2600 subseciuorum
990 2533 1221 2599 distributione
1248 2532 1334 2615 tulit,

189 2646 353 2703 seruatam
369 2658 441 2701 esse
456 2635 615 2703 intellexi.
638 2647 675 2702 ut
698 2637 784 2701 enim
806 2637 839 2702 in
862 2637 966 2724 primo
984 2635 1210 2702 Plautinorum
1225 2658 1332 2700 exem-

123 2798 126 2802 .
188 2736 316 2823 plorum
336 2739 453 2803 ordine
477 2739 650 2804 subseciua
672 2741 861 2806 testimonia
884 2739 997 2806 eodem
1020 2737 1134 2802 ordine
1150 2760 1221 2802 sese
1237 2760 1335 2824 saepe

188 2839 442 2927 excipiuntque
465 2841 545 2906 alias
568 2842 659 2928 ipsae
682 2841 858 2907 eorundem
880 2841 1139 2908 testimoniorum
1161 2841 1272 2920 series,
1289 2841 1336 2902 sic

188 2943 287 3006 etiam
309 2943 343 3008 in
365 2943 481 3008 ceteris
505 2943 675 3010 ordinibus
698 2942 869 3009 Plautinis.
914 2944 1006 3010 cuius
1029 2942 1078 3006 rei
1106 2940 1187 3006 haec
1210 2939 1335 3006 suflicit
1396 2980 1401 2988 .

189 3043 339 3111 attulisse
362 3047 522 3133 exempla.
567 3048 601 3111 in
624 3045 737 3110 ordine
753 3045 829 3110 inde
852 3069 872 3111 a
895 3070 924 3131 p.
952 3045 1023 3128 102,
1046 3045 1066 3109 6
1088 3054 1256 3109 excantare
1270 3043 1334 3106 Lu·

189 3147 286 3212 cilius
314 3159 391 3213 ante
413 3149 593 3214 Varronem
623 3149 807 3215 nominatur
833 3159 870 3214 ut
898 3148 1000 3235 primo
1030 3148 1137 3234 capite
1164 3142 1336 3210 Luciliano

190 3249 391 3336 praecedunt
419 3251 644 3318 Varronianis.
689 3251 766 3316 item
795 3251 828 3316 in
856 3250 969 3316 ordine
996 3248 1073 3314 inde
1100 3271 1173 3335 ap.
1196 3247 1270 3329 453,
1293 3245 1335 3311 23

191 3353 385 3439 1661161618),
412 3377 444 3439 p.
472 3355 536 3420 484
564 3361 689 3437 sumpti,
718 3379 750 3442 p.
773 3353 836 3420 539
863 3359 946 3435 rica,
976 3375 1007 3439 p.
1031 3351 1112 3435 483,
1141 3352 1336 3416 lmaasaate

191 3456 303 3522 Attius
327 3465 403 3544 apte
424 3467 500 3522 ante
524 3455 706 3523 Varronem
729 3459 822 3523 testis
844 3455 1031 3525 adhibetur.
1069 3478 1101 3540 p.
1124 3454 1187 3518 422
1210 3457 1335 3517 horrea-

191 3563 262 3621 dam
284 3581 342 3622 sex
365 3559 517 3647 exempla
533 3561 707 3627 subseciua
728 3582 862 3646 prorsus
885 3557 1000 3624 eodem
1022 3553 1136 3622 ordine
1156 3555 1336 3621 distributa

193 3669 355 3746 suntque
378 3661 412 3725 in
434 3662 539 3748 primo
561 3663 668 3749 capite
691 3663 783 3750 ipsae
806 3662 922 3726 series:

691 3765 802 3831 Attius
825 3762 955 3830 Medea.

692 3866 840 3934 Lucilius
863 3865 920 3932 lib.
943 3863 1037 3930 XVI.

691 3971 737 4036 M.
761 3969 889 4035 Tullius
912 3967 954 4033 de
976 3989 1042 4054 rep.
1067 3965 1123 4030 lib.
1146 3963 1173 4027 I.

693 4073 779 4139 idem
803 4071 844 4138 de
866 4094 935 4158 rep.
958 4068 1017 4135 lib.
1040 4066 1099 4132 IV.

692 4176 799 4242 Varro
823 4175 919 4260 epist.
944 4172 985 4261 ad
1009 4171 1193 4235 Caesarem.

695 4278 832 4343 Sisenna
853 4275 929 4340 hist.
953 4273 1010 4339 lib.
1034 4270 1094 4334 IV.

256 4420 296 4482 18)
314 4435 478 4487 qrramquam
498 4418 625 4470 dubitare
643 4418 710 4468 licet
728 4431 792 4466 num
810 4415 863 4466 hoc
881 4414 980 4501 lemma
998 4411 1033 4461 ad
1051 4409 1174 4461 ordinem
1189 4408 1336 4475 pertineat.

196 4502 238 4554 Cf.
257 4521 283 4568 p.
302 4507 343 4556 37.
952 4505 954 4512 “
