3160 5126
630 340 860 404 -149-

173 511 280 595 potuit
306 510 340 572 in
368 532 461 574 usum
489 532 608 575 uocare
635 519 795 576 auctores.
839 519 953 575 notum
979 521 1031 576 cst
1052 511 1139 575 enim
1161 534 1179 576 e
1202 511 1317 578 Seruio

175 612 231 695 (ad
253 611 351 696 Verg.
375 613 458 677 Aen.
476 613 520 694 X,
536 613 613 697 377)
637 612 788 676 Flauium
812 611 957 697 Capram
979 621 1110 698 praeter
1132 636 1213 700 opus
1235 612 1317 679 illud

173 713 213 776 do
235 711 397 778 latinitate
422 715 479 799 (cf.
503 713 630 778 Charis.
652 735 685 800 p.
710 713 781 779 115.
806 715 892 799 186.)
914 713 1017 780 libros
1042 713 1146 779 ‘dubii
1168 717 1316 800 goneris'

172 815 351 901 scripsisse,
374 815 438 880 nisi
460 817 545 880 forte
566 815 625 879 hos
648 813 736 879 illius
760 825 884 900 partem
906 815 1011 892 fuisse
1039 815 1239 881 credendum
1262 819 1316 898 sit,

172 915 292 983 deinde
300 918 453 982 Verrium
463 917 617 983 Flaccum
630 917 750 982 scimus
766 917 869 981 multa
885 918 926 982 dc
941 918 1057 982 eadem
1071 940 1106 982 re
1123 917 1317 1005 disputasse.

170 1023 205 1088 id
226 1022 313 1108 quod
336 1031 368 1086 et
390 1021 480 1085 Festi
508 1030 541 1085 et
569 1019 729 1084 Prisciani
759 1019 838 1084 locis
868 1019 1095 1102 confirmatur,
1124 1043 1230 1107 66666
1252 1020 1316 1084 Ρ11-

170 1127 261 1190 nium
289 1124 329 1188 dc
360 1122 460 1187 dubio
489 1143 609 1207 genere
637 1121 894 1208 disputationem
916 1121 1103 1206 neglexisse
1131 1122 1318 1206 fragmenta

171 1227 366 1294 documento
389 1233 476 1308 sunt,
499 1225 643 1290 Probum
668 1223 806 1310 denique
827 1224 935 1310 ipsum
953 1223 992 1288 de
1008 1224 1117 1289 dubiis
1139 1223 1315 1309 generibus

170 1328 361 1414 exposuisse
397 1324 573 1390 uerisimile
611 1335 670 1390 cst.
715 1325 865 1412 quoniam
902 1325 1003 1410 igitur
1032 1325 1176 1390 Nonium
1212 1324 1315 1391 libros

170 1430 325 1495 habuisse
351 1427 571 1493 intelleximus
600 1449 642 1492 ex
670 1428 803 1509 Verrio,
830 1426 955 1508 Plinio,
983 1427 1091 1512 Capro
1124 1426 1314 1513 pendentes,

170 1532 297 1597 Probus
321 1540 430 1596 autem
453 1531 561 1593 Verrii
583 1531 695 1616 copias
717 1529 851 1594 minime
873 1527 1038 1613 putandus
1068 1538 1118 1592 cst
1139 1529 1314 1614 respuisse,

170 1633 267 1699 facile
288 1631 451 1719 quomodo
474 1631 598 1696 factum
627 1633 670 1696 sit
695 1623 788 1717 patet
810 1638 847 1694 ut
869 1628 971 1694 multa
998 1628 1042 1693 ad
1064 1629 1208 1695 Nonium
1230 1653 1314 1716 quac

171 1736 270 1801 etiam
292 1733 419 1799 Probus
442 1742 642 1820 exposuerat
664 1733 849 1797 defluerent
886 1732 921 1795 in
943 1731 1055 1817 primis
1078 1753 1156 1796 uero
1179 1733 1220 1795 ad
1235 1731 1313 1796 Pro·

169 1840 247 1903 bum
270 1847 439 1901 auctorem
455 1857 538 1921 quac
552 1857 709 1901 reuocare
730 1834 816 1916 licet,
840 1833 1045 1898 conscribam
1054 1833 1094 1918 ⁵²)
1117 1855 1313 1919 quamquam
1344 1871 1346 1876 ·
1464 1847 1468 1852 '

170 1961 235 2003 non
256 1939 363 2003 minus
386 1960 404 2002 e
426 1935 533 2002 Plinio
556 1959 595 2001 ea
616 1936 670 2002 661
692 1937 801 2022 Capro
823 1936 923 2000 fluere
944 1935 1091 2021 potuisse
1112 1934 1224 2021 liquet.

170 2092 253 2157 Non.
268 2115 298 2178 p.
313 2093 421 2173 190,1.
436 2098 613 2170 aaqiporlas
634 2090 679 2161 61.
701 2091 804 2155 Prisci
821 2089 870 2154 VI
892 2113 925 2175 p.
942 2089 1005 2153 714
1027 2089 1084 2174 qui
1105 2088 1214 2154 Probo
1234 2111 1312 2152 usus

477 2191 713 2256 Terentianum
728 2192 815 2256 idem
830 2192 949 2256 adfert.

435 2299 592 2358 arbitrium
613 2295 655 2358 61.
678 2291 762 2357 Gell.
785 2292 889 2373 XIII,
911 2293 963 2373 21,
993 2293 1041 2356 19.

169 2398 254 2462 Non.
277 2420 310 2482 p.
337 2396 405 2461 191.
436 2405 522 2460 artas
554 2394 597 2460 cf.
626 2395 727 2458 Prisc.
762 2417 794 2480 p.
823 2393 887 2458 262
917 2393 973 2480 661
1006 2393 1093 2458 idem
1124 2392 1313 2457 Plautinum

477 2497 595 2563 adfert.

171 2600 256 2665 Non.
280 2623 312 2686 p.
338 2601 407 2664 193.
440 2607 528 2664 aluos
549 2600 593 2663 61.
616 2598 719 2663 Prisc.
735 2621 768 2685 p.
786 2597 855 2663 163.
872 2597 935 2663 268
956 2598 1013 2664 ubi
1034 2597 1148 2663 eadem
1163 2596 1314 2684 exempla

262 2683 273 2698 ’
480 2700 685 2765 adferuntur.

435 2824 509 2867 acra
531 2803 575 2867 61.
598 2802 683 2867 Gell.
707 2802 806 2883 XIII,
828 2802 885 2882 21,·
907 2801 956 2864 14.

169 2906 253 2971 Non.
277 2929 308 2992 p.
334 2906 403 2970 195.
433 2927 487 2969 cor
514 2908 553 2968 cl.
584 2903 667 2970 Gall.
698 2903 748 2967 VI
778 2902 890 2988 (Vll),
921 2905 942 2965 2
980 2903 1036 2984 (cf.
1067 2902 1169 2966 Hertz
1203 2902 1312 2966 annal.

476 3004 587 3092 philol,
611 3006 662 3086 85,
686 3028 715 3091 p.
740 3004 825 3089 707).

434 3131 592 3189 cupressus
613 3106 655 3170 61.
673 3104 755 3170 (loll.
772 3104 873 3187 XIII,
889 3105 942 3188 21,
963 3108 1002 3170 13
1024 3105 1082 3189 (61.
1107 3104 1210 3168 Hertz
1226 3103 1245 3166 l.
1262 3103 1312 3190 1.).

168 3211 253 3277 Non.
278 3234 308 3297 p.
331 3211 415 3275 202.
433 3215 530 3276 cardo
558 3199 600 3274 61.
624 3208 726 3272 Prisc.
757 3229 788 3292 p.
812 3207 875 3271 206
897 3209 954 3293 661
978 3217 1011 3272 61
1034 3208 1105 3293 ipse
1128 3205 1313 3273 Gracchum

478 3323 594 3378 testem
616 3309 734 3375 adfert.

168 3415 252 3480 Non.
276 3438 306 3501 p.
329 3415 402 3480 205.
428 3423 519 3492 finem
541 3414 584 3479 cf.
608 3410 692 3479 Gell.
714 3410 815 3493 XIII,
839 3411 891 3494 21,
917 3413 955 3474 12
979 3410 1226 3495 (Kretzschmer
1245 3411 1266 3476 1.
1290 3413 1310 3478 l.

310 3644 322 3653 ·
431 3542 517 3694 saliis
539 3617 582 3683 61.
606 3615 691 3683 Gell.
716 3614 815 3696 XIII,
838 3616 887 3693 21,
915 3617 963 3680 19.

431 3723 544 3797 fretam
567 3719 610 3783 61.
627 3716 709 3784 Gell.
726 3717 825 3798 XIII,
841 3717 893 3802 21,
913 3717 950 3782 15
974 3716 1091 3798 (Hertz
1113 3718 1133 3782 l.
1152 3717 1172 3783 l.
1190 3741 1221 3803 p.
1240 3719 1310 3782 182.

479 3821 552 3903 186,
574 3819 642 3903 33).

167 3923 252 3992 Non.
275 3946 306 4009 p.
330 3923 402 3988 207.
430 3944 512 4002 praa
534 3923 577 3986 cf.
601 3922 704 3986 Prisc.
726 3943 756 4005 p.
773 3921 846 3983 211.

432 4046 524 4103 praes
555 4023 596 4087 61.
625 4023 729 4086 Prisc.
751 4045 783 4106 p.
808 4021 871 4087 265
898 4022 954 4106 661
977 4021 1064 4086 idom
1088 4021 1311 4106 Vergilianum

476 4126 596 4191 adfert.

434 4240 539 4308 patiar
549 4227 592 4291 61.
604 4227 707 4291 Prisc.
716 4248 745 4310 p.
756 4226 817 4306 155
830 4225 885 4311 661
897 4224 983 4289 idem
990 4223 1179 4292 Plautinum
1191 4225 1311 4294 adfert.

169 4343 397 4351 *—

235 4409 333 4472 56166
357 4409 487 4460 lemmata
512 4408 662 4473 dequibus
690 4408 738 4458 ubi
761 4409 795 4460 de
825 4408 967 4459 ordinibus
991 4407 1105 4474 exposui
1131 4408 1234 4462 dictum
1258 4415 1311 4476 est,

168 4493 274 4548 omitto.
493 4495 496 4502 '
