3160 5130
738 336 948 400 „60-

272 517 387 574 extant
408 506 596 594 explicandi
619 508 772 572 rationes.
814 517 872 571 aut
894 507 980 570 enim
1003 505 1236 571 commentario
1259 513 1316 570 aut
1338 504 1421 589 glos·
1470 485 1474 494 ²

273 613 361 676 sario
384 633 463 676 usus
479 609 609 674 uidetur
624 608 761 674 Nonius.
797 607 906 695 ipsum
927 616 1035 673 autem
1051 629 1125 672 eum
1148 605 1268 690 legisse
1290 605 1421 672 fabulas

225 755 228 762 ι
273 723 306 778 et
327 711 524 798 compilasse
546 712 616 775 iure
633 732 690 775 suo
714 711 779 774 iam
794 708 1084 776 Schottmuellerus
1100 708 1121 772 l.
1138 707 1159 773 l.
1175 731 1206 794 p.
1223 707 1286 773 829
1300 708 1420 793 impro-

273 813 381 895 bauit,
406 813 558 900 qouniam
574 815 644 899 ipse
665 811 693 876 si
715 811 851 896 legisset
866 810 1010 894 Attium,
1033 810 1121 876 nullo
1143 810 1239 875 modo
1256 808 1421 896 explicare

274 914 386 980 liceret
401 915 487 980 unde
503 914 752 980 subseciuorum
767 913 989 1000 exemplorum
1002 912 1243 978 multitudinem
1259 910 1420 992 habuerit,

273 1027 447 1104 postquam
479 1038 579 1103 supra
615 1013 836 1080 intelleximus
873 1037 971 1102 quam
1007 1037 1113 1102 pauca
1149 1014 1219 1100 ipse
1256 1012 1422 1079 addiderit

273 1117 434 1204 exempla.
478 1118 544 1183 iam
565 1119 667 1203 igitur
688 1126 795 1182 utram
823 1116 864 1182 de
891 1114 1025 1203 reliquis
1048 1115 1207 1202 eligamus
1237 1116 1420 1182 rationibus

272 1219 506 1308 inquirendum
550 1229 610 1284 est.
668 1241 734 1304 qua
768 1219 803 1284 in
841 1240 875 1283 re
913 1217 1201 1284 Sebottmuellerus
1236 1219 1295 1283 uix
1333 1225 1420 1282 recte

272 1322 406 1388 uidetur
433 1322 512 1386 mihi
539 1319 726 1407 disputasse
753 1322 875 1408 quippe
904 1320 959 1408 qui
987 1318 1201 1405 glossatorem
1226 1319 1420 1404 cogitauerit

273 1423 370 1489 Nonii
393 1433 568 1490 auctorem.
606 1445 691 1510 quae
713 1423 800 1487 enim
815 1422 867 1487 uir
888 1423 1003 1489 doctus
1026 1420 1134 1487 adfert
1149 1431 1357 1507 argumenta,
1380 1442 1419 1486 ca

272 1525 301 1590 si
323 1525 366 1590 ad
388 1527 561 1592 obrussam
583 1526 731 1610 exegeris
755 1523 853 1590 facile
876 1533 1082 1589 euanescent.
1120 1545 1259 1609 namque
1282 1521 1362 1586 dicit
1382 1523 1416 1586 in

273 1627 370 1713 primi
397 1628 515 1715 capitis
543 1626 657 1694 ordine
687 1649 729 1692 ex
756 1626 1016 1713 quattuordecim
1043 1624 1204 1690 lemmatis
1232 1646 1292 1689 sex
1320 1647 1340 1688 a
1366 1623 1417 1689 lit-

273 1741 344 1796 tora
366 1752 400 1812 e,
422 1730 488 1795 tria
509 1729 551 1794 ab
571 1751 588 1794 c
608 1730 770 1815 incipere,
793 1728 905 1814 itaque
925 1727 1079 1812 glossarii
1100 1725 1299 1814 alphabetici
1323 1725 1417 1790 subo·
1438 1765 1441 1768 -

272 1830 409 1897 duratur
429 1831 581 1914 uestigia.
598 1903 606 1917 ο
620 1829 788 1916 quaeritur
810 1839 921 1894 tamen
937 1853 1014 1894 num
1030 1852 1065 1894 re
1087 1851 1166 1894 uera
1182 1828 1246 1894 duo
1269 1827 1327 1891 illa
1342 1826 1417 1892 lem·

271 1940 360 1997 mata
382 1953 474 2013 expes
489 1942 522 1998 et
536 1940 640 1998 exules
662 1933 703 1997 ad
719 1933 930 1998 Attianorum
946 1931 1093 1997 ordinem
1109 1930 1333 2017 exemplorum
1347 1949 1416 2016 per·

272 2033 409 2098 tineant.
447 2032 607 2099 eiusmodi
629 2034 715 2099 enim
731 2033 881 2099 ordinum
897 2034 990 2120 quasi
1012 2033 1208 2119 diruptionis
1232 2029 1416 2116 exemplum

271 2157 310 2198 ao
325 2133 533 2200 lacerationis
545 2135 674 2201 frustra
688 2135 778 2222 apud
788 2136 931 2201 Nonium
947 2133 1158 2223 quaesiueris,
1175 2144 1212 2200 ut
1223 2131 1303 2199 ordo
1317 2130 1416 2218 aliqui

271 2237 313 2301 ab
343 2258 408 2302 uno
436 2235 587 2303 lemmate
615 2237 669 2302 uel
696 2259 715 2307 a
744 2236 871 2304 duobus
898 2236 1082 2318 incohetm,
1116 2234 1234 2301 deinde
1266 2233 1417 2321 exempla

272 2337 391 2423 prioris
407 2337 531 2404 ordinis
547 2348 738 2427 sequantur,
758 2341 854 2405 tertio
869 2338 940 2405 loco
957 2362 1060 2404 nouus
1076 2337 1155 2403 ordo
1170 2337 1415 2417 intermittatur,

272 2438 412 2526 denique
441 2450 558 2525 quarto
586 2442 716 2507 demum
744 2440 815 2507 loco
850 2442 974 2528 primus
1003 2439 1058 2505 ille
1089 2440 1170 2507 ordo
1198 2440 1414 2506 continuetur.

272 2539 319 2606 sie
339 2541 425 2606 enim
449 2541 738 2609 Schottmuellerus
762 2544 877 2609 statuit
900 2542 1030 2609 ordines
1054 2543 1176 2630 excipi:

607 2664 753 2814 mr}
872 2702 998 2761 retra

605 2747 718 2813 <exules

726 2849 954 2915 Plautinorum
976 2848 1056 2913 ordo

727 2953 1000 3018 Lucretianorum
1022 2950 1102 3016 ordo

575 3054 714 3120 extorris
872 3059 997 3119 Attiano

273 3153 385 3220 attulit
406 3155 462 3220 ille
485 3158 617 3242 quidem
645 3155 796 3242 exempla
817 3154 1065 3247 Lucilianorum
1092 3153 1243 3221 ordinum
1271 3153 1306 3218 in
1333 3152 1413 3218 duas

271 3256 615 3343 Varronianorumque
636 3256 671 3321 in
695 3266 760 3322 tres
782 3267 893 3344 partes
919 3258 1133 3344 diruptorum.
1179 3277 1284 3342 noque
1307 3263 1415 3320 tamen

271 3366 348 3441 apte
370 3356 430 3422 bos
454 3358 584 3424 ordines
607 3359 746 3424 adseiuit
768 3359 922 3445 quoniam
950 3357 1096 3444 singulas
1124 3356 1198 3424 illas
1224 3365 1263 3421 ut
1284 3355 1415 3423 videtur

271 3467 381 3544 partes
410 3481 427 3522 e
455 3458 596 3524 diuersis
626 3459 718 3525 libris
747 3459 883 3524 haustas
911 3483 982 3525 esse
1009 3460 1098 3525 infra
1124 3459 1203 3525 satis
1232 3458 1414 3546 apparebit.

271 3558 398 3624 aceedit
420 3560 507 3646 quod
529 3561 584 3647 qui
606 3583 623 3626 e
647 3560 819 3627 duodecim
846 3559 1007 3629 lemmatis
1037 3571 1192 3647 quattuor
1213 3583 1233 3624 a
1254 3560 1364 3625 littera
1386 3583 1414 3641 e,

272 3660 335 3748 tria
362 3661 405 3726 ab
432 3683 450 3725 o
476 3662 619 3748 incipere
647 3663 784 3745 uiderit,
819 3664 877 3728 uix
911 3662 1117 3751 alphabetico
1150 3662 1308 3748 glossario
1337 3661 1415 3726 satis

271 3763 428 3848 praesidii
459 3775 611 3850 paratum
643 3765 774 3853 putabit
807 3765 957 3852 quodque
991 3766 1090 3832 ceteri
1123 3764 1254 3830 ordines
1287 3763 1415 3828 Attiani

271 3865 533 3930 obseruationem
549 3865 813 3933 Schottmuelleri
828 3866 926 3933 valde
948 3867 1128 3932 confutant.
1165 3875 1281 3932 contra
1296 3865 1414 3951 quibus

270 3967 538 4032 commentarium
553 3967 583 4031 N
586 3968 661 4035 onio
676 3972 750 4035 usui
772 3970 876 4035 fuisse
896 3969 1028 4056 probari
1050 3969 1204 4035 uideatur
1217 3990 1282 4032 non
1298 3969 1416 4032 desunt

271 4078 475 4154 argumenta.
521 4072 662 4157 primum
691 4071 777 4136 enim
805 4072 925 4138 librum
948 4095 965 4136 e
988 4093 1052 4158 quo
1084 4072 1195 4135 hausit
1216 4071 1355 4136 Attiana
1382 4070 1415 4134 in

270 4173 317 4236 eis
341 4193 469 4258 qnoque
490 4170 588 4238 lexiei
615 4173 764 4260 partibus
794 4172 950 4238 adhibere
979 4173 1049 4238 sine
1078 4172 1178 4238 dubio
1207 4172 1329 4259 potuit,
1358 4169 1415 4236 ubi

271 4272 311 4336 de
333 4272 517 4338 indiscretis
540 4273 732 4359 generibus,
762 4274 803 4340 de
832 4274 1025 4340 differentiis
1054 4274 1245 4356 uerborum,
1274 4275 1315 4339 de
1343 4294 1415 4337 con·

269 4374 381 4438 trariis
396 4375 571 4460 generibus
588 4377 779 4460 uerborum,
802 4376 984 4442 demutata
1000 4375 1234 4458 declinatione,
1257 4376 1297 4441 de
1311 4384 1414 4440 muta-

270 4477 313 4544 tis
329 4476 613 4565 coniugationibus
622 4525 631 4562 ,
655 4478 695 4545 de
711 4479 881 4546 doctorum
896 4478 1052 4565 indagine
1067 4478 1254 4545 dissereret.
1290 4477 1413 4564 glosso-
