3160 5126
738 365 949 428 *96*

743 572 840 650 caput
860 572 945 634 xm.
1148 647 1150 654 .

271 677 303 741 p.
326 653 400 737 535,
422 655 474 720 30.
938 665 942 674 ’
1066 665 1068 672 ’

312 755 430 820 lemma
455 756 504 819 14.
528 756 646 842 cymba
832 759 944 834 Afrum.
970 759 1113 836 decepte.

829 858 875 922 M.
898 856 984 924 Tull.
1008 859 1048 922 de
1071 857 1125 922 off.
1149 857 1206 922 lib.
1229 857 1293 922 III.

355 1013 403 1076 Re
426 1035 505 1076 uero
527 1011 585 1074 hos
610 1033 681 1074 esse
703 1011 832 1092 ordines
856 1034 899 1076 ex
928 1013 974 1074 eis
997 1022 1133 1099 apparet
1156 1034 1238 1097 quae
1267 1011 1307 1076 de
1329 1035 1415 1078 eom-

268 1114 432 1198 positione
460 1113 697 1200 praemisImuS.
747 1116 804 1178 uix
833 1123 943 1179 tamen
965 1114 1133 1196 continget
1158 1121 1194 1178 ut
1219 1115 1298 1177 certi
1324 1115 1415 1200 quid-

271 1239 366 1302 quam
389 1214 546 1301 expedias
576 1237 681 1300 neque
710 1237 750 1278 ex
780 1217 851 1302 ipsu
873 1215 1024 1280 ordinum
1053 1217 1289 1302 compositione
1311 1239 1415 1302 neque

270 1341 312 1382 ex
336 1316 547 1382 similitudine
579 1318 648 1381 siue
675 1318 779 1382 mauis
810 1316 1074 1381 dissimilitudine
1102 1319 1199 1381 trium
1227 1317 1413 1383 lemmatum

274 1442 347 1484 eum
370 1417 443 1484 aliis
466 1419 691 1504 scriptoribus.

270 1591 353 1655 Non.
377 1611 409 1676 p.
434 1590 489 1676 28,
509 1589 560 1654 32.
606 1594 751 1654 merendo
767 1594 877 1654 dieitur
891 1596 974 1655 cibus
992 1603 1062 1669 posi
1076 1555 1229 1655 meridiem
1245 1596 1299 1668 qui
1313 1596 1413 1654 datur.

270 1693 362 1756 Paul.
385 1714 418 1778 p.
445 1690 515 1755 123.
558 1696 733 1755 merendum
762 1698 880 1774 antiqui
914 1695 1054 1755 dicebaut
1081 1712 1138 1771 pro
1171 1697 1304 1771 protadio
1336 1697 1417 1770 qumi

395 1799 509 1858 scilieet
529 1799 626 1858 medio
648 1799 696 1856 die
717 1807 887 1872 caperetur.
932 1794 975 1857 ei.
996 1793 1094 1858 Varr.
1119 1793 1160 1856 de
1182 1793 1202 1856 l.
1226 1793 1247 1856 l.
1270 1793 1318 1857 Vl
1343 1797 1362 1873 ξ
1384 1796 1414 1858 4.

271 1965 344 2028 Νοη
366 1985 399 2048 p.
421 1961 473 2043 28,
497 1963 549 2028 25.
592 1969 747 2027 mulierosi
766 1969 840 2028 dieii
859 1969 1015 2028 mulierum
1038 1975 1219 2044 appetenter.
1250 1967 1258 1982 “

189 2141 192 2147 ¹
272 2065 357 2128 (lell.
380 2066 421 2128 N.
444 2066 485 2127 A.
515 2063 580 2146 IV,
609 2064 629 2128 9
671 2063 717 2128 ita
745 2063 786 2128 de
814 2065 927 2129 eodem
955 2065 1056 2130 uerbo
1086 2066 1234 2152 disputat
1262 2075 1297 2129 ut
1326 2064 1415 2131 nulla

398 2188 471 2229 oum
493 2165 600 2231 Nonio
623 2177 780 2254 appareat
803 2168 1046 2254 communio.²¹⁸)

273 2337 355 2401 Non.
369 2312 411 2422 p.
433 2337 508 2417 493,
531 2337 561 2399 6.
603 2349 808 2416 poematorum
829 2359 887 2418 pro
907 2349 1086 2417 poematum.
1115 2359 1143 2403 e.
1166 2362 1196 2424 q.
1223 2362 1249 2402 s.
1405 2411 1407 2414 ¹

272 2439 391 2503 Charis.
421 2462 453 2525 p.
481 2438 540 2520 42,
567 2439 619 2502 32.
663 2445 789 2504 dicimus
824 2446 901 2504 euim
936 2451 1104 2519 poematum
1140 2451 1169 2502 ei
1198 2453 1415 2520 poematorum.

399 2563 426 2606 e.
451 2563 482 2626 q.
508 2563 534 2602 s.

298 2798 362 2863 DE
385 2795 771 2862 VERGILIANORVM
795 2797 1111 2863 EXEMPLORVM
1131 2797 1393 2865 ORDINIBVS.

771 2948 868 3050 dapnt
888 2974 913 3034 I.

276 3078 306 3141 p.
330 3056 382 3138 30,
404 3055 435 3118 4.

314 3156 433 3220 lemma
458 3155 527 3219 118.
551 3166 644 3220 autes
839 3159 951 3233 Verpil.
977 3161 1083 3234 Gema.
1107 3161 1152 3235 ΙΙ,
1179 3169 1246 3222 ili.
1290 3223 1291 3228 ,

458 3257 528 3320 119.
552 3279 717 3320 carnorum
840 3263 947 3334 i'erpil.
972 3263 1077 3337 Georp.
1103 3264 1163 3334 ΙΙΙ,
1187 3269 1236 3322 55.

460 3359 529 3421 120.
553 3360 694 3422 immune
842 3365 953 3438 Verpil.
978 3367 1084 3438 Geurp.
1108 3364 1129 3421 Ι
1135 3365 1166 3434 1⁷,
1192 3371 1262 3424 211.
1303 3363 1327 3378 ”
1356 3367 1362 3378 ‘'

833 3461 879 3524 M.
903 3461 994 3546 Tull.
1013 3461 1096 3526 Phil.
1119 3462 1148 3526 I.

385 3573 397 3588 “
459 3561 530 3623 121.
553 3561 659 3624 dirum
842 3568 952 3639 Verpil.
976 3569 1083 3641 Georq.
1105 3569 1168 3647 ΙΙΙ,
1194 3576 1264 3628 163.

835 3664 922 3727 idem
943 3665 976 3728 in
1001 3666 1084 3729 A'en.
1108 3665 1168 3730 IV.

833 3765 877 3828 Μ.
901 3765 986 3830 Tull.
1010 3765 1051 3828 de
1073 3777 1194 3832 seneet.
1279 3767 1281 3774 '

462 3867 531 3929 122.
556 3865 726 3931 exordium
844 3873 952 3946 Verpil.
978 3876 1050 3932 Aeu.
1074 3873 1130 3942 IV,
1158 3881 1225 3933 mi.

834 3971 880 4034 Μ.
904 3969 991 4034 Tull.
1015 3969 1191 4035 Hortens-

798 4068 802 4074 ’
834 4071 939 4136 Lucil.
963 4073 1032 4136 sat.
1055 4071 1112 4138 lib.
1137 4072 1307 4137 XXVIII.
1401 4123 1405 4128 .

823 4176 950 4238 «Cicero
973 4174 1059 4240 Tim.

835 4275 942 4340 Varro
969 4269 1047 4350 ὄνος
1068 4277 1183 4360 λύρας,

343 4445 386 4510 38)
405 4447 439 4495 ci.
459 4447 610 4510 Meroklin,
630 4445 660 4495 Α.
680 4445 764 4496 Gellii
783 4449 903 4498 noctium
921 4445 976 4498 Au.
1000 4448 1095 4514 cupita
1117 4449 1251 4511 qrtuedunr
1276 4451 1417 4502 adientes

277 4536 417 4580 reuocata.
443 4530 497 4582 ind.
517 4530 583 4585 lect.
603 4533 686 4596 Dorp.
707 4533 781 4582 1861.
801 4547 826 4596 p.
848 4535 887 4586 15.
