3160 5130
638 297 846 360 *49-

656 471 753 548 caput
764 470 830 534 111.

169 599 201 662 p.
224 573 298 655 205,
322 574 373 636 21.
396 571 461 636 litt.
483 573 522 636 F.
642 653 645 658 1

296 674 413 739 lemma
435 675 466 738 3.
489 673 577 736 funis
754 674 912 735 Lucretius
935 672 978 745 ΙΙ,
1005 681 1088 732 1155.

436 777 467 839 4.
491 776 612 839 fretum
755 770 921 856 Vergilius
944 769 998 836 lib.
1024 769 1086 835 ΙΙΙ.

752 877 911 938 Lucretius
939 877 991 951 Vl,
1016 884 1084 937 364.

754 975 910 1039 Naeuius.

753 1078 893 1142 Ennius

753 1177 910 1244 Lucilius.

752 1281 860 1347 Varro
885 1281 981 1347 Gallo
1009 1290 1066 1346 aut
1090 1280 1271 1346 Fundanis.

171 1517 200 1578 p.
224 1492 296 1574 227,
320 1491 373 1555 25.
395 1489 456 1555 litt.
479 1490 518 1553 T.

106 1676 110 1686 ι
134 1677 139 1684 ¹
212 1593 332 1658 lemma
353 1595 384 1657 5.
407 1601 517 1657 textus
755 1594 913 1653 Lueretius
944 1593 975 1659 V,
1000 1598 1047 1651 95.

757 1691 842 1754 idem
867 1689 926 1755 VI.

755 1793 867 1858 Attius
891 1792 1119 1880 Nyctegresia.

667 2011 765 2088 Caput
785 2010 820 2072 V.

170 2135 204 2198 p.
227 2111 300 2194 424,
324 2111 354 2176 6.

213 2212 330 2277 lemma
347 2213 395 2276 12.
420 2209 545 2297 expleri
566 2221 598 2276 et
620 2211 734 2276 satiari
756 2215 913 2275 Lucretius
934 2213 994 2288 m,
1023 2220 1105 2272 loru.

757 2313 800 2377 Μ.
825 2311 952 2376 Tullius
976 2311 1017 2375 de
1040 2333 1107 2396 rep.
1131 2309 1192 2374 VI.

350 2419 400 2525 133
423 2439 518 2481 arcus
541 2425 575 2480 et
597 2438 717 2501 arquus
757 2418 913 2479 Lucretius
941 2418 994 2486 VI,
1019 2424 1088 2476 526.

641 2632 737 2710 (leput
758 2632 843 2695 VIII.

173 2756 206 2820 p.
228 2733 301 2798 487.
753 2800 755 2803 ¹

215 2835 333 2899 lemma
347 2834 398 2898 26.
423 2834 498 2918 gelu
756 2838 914 2897 Lucretius
944 2836 976 2908 V,
1003 2841 1070 2893 206.

755 2932 842 2998 idem
864 2931 922 2997 VI.

345 3039 397 3104 27.
421 3060 523 3125 uapor
756 3041 914 3100 Lucretius
944 3038 994 3111 Vl,
1018 3043 1084 3096 953.

657 3262 754 3339 Caput
774 3261 828 3324 XI.

174 3387 206 3450 p.
228 3363 302 3444 511,
329 3361 377 3425 14.

259 3464 377 3530 lemma
403 3463 451 3527 16.
474 3463 647 3549 propritim
763 3466 920 3526 Lucretius
940 3465 985 3540 ll,
1010 3469 1077 3523 975.

633 3619 862 3628 —.-—————-

259 3739 386 3805 Horum
408 3736 540 3823 quidem
563 3735 713 3800 ordinum
740 3737 781 3800 de
803 3735 1040 3820 compositione
1067 3734 1125 3798 uix
1155 3743 1205 3799 est
1231 3732 1318 3819 quod

175 3841 305 3906 addam.
343 3840 472 3925 saepius
489 3840 575 3902 enim
598 3839 626 3902 si
647 3861 706 3924 pro
725 3837 839 3904 ordine
858 3859 956 3901 unam
978 3836 1120 3921 glossam
1143 3835 1317 3915 inueneris,
1430 3915 1433 3921 Ι

175 3943 221 4006 eis
245 3965 328 4027 quae
351 3951 449 4005 antea
471 3940 511 4004 de
533 3939 595 4004 hac
617 3963 653 4004 re
675 3939 885 4026 exposuimus
909 3936 1083 4004 intellectis
1107 3937 1317 4003 dubitationis
1372 3926 1378 3936 ⁶

175 4044 255 4108 nihil
274 4045 339 4108 iam
360 4051 470 4108 restat.
507 4042 569 4107 hoc
584 4050 693 4106 tamen
712 4041 923 4106 recordemur
938 4062 1071 4104 necesse
1086 4038 1216 4103 uidetur
1232 4039 1318 4124 quod

176 4144 326 4232 exempla
341 4145 513 4209 subseciua
529 4146 656 4230 siquae
672 4144 775 4209 affixa
791 4154 866 4208 sunt
881 4142 1044 4230 primariis
1062 4162 1189 4227 semper
1204 4140 1318 4206 eodem

177 4248 291 4312 ordine
313 4268 387 4310 sese
403 4247 569 4332 excipiunt
590 4269 654 4332 quo
678 4247 758 4310 alias
778 4247 869 4333 ipsae
885 4244 986 4309 series
1007 4242 1231 4328 exemplorum
1254 4243 1317 4328 pri-

176 4349 365 4413 mariorum.
399 4349 485 4412 unde
507 4349 571 4412 iam
593 4371 693 4434 supra
715 4357 802 4412 recte
817 4345 987 4429 collegisse
1010 4344 1102 4409 nobis
1124 4343 1320 4408 uidebamur

92 4539 95 4548 .
176 4449 323 4536 exempla
345 4448 402 4513 illa
424 4451 466 4515 ab
488 4450 558 4535 ipso
574 4449 680 4514 Nonio
702 4471 774 4513 esse
797 4449 926 4513 adiecta
947 4445 1087 4509 fortasse
1108 4467 1151 4510 ex
1177 4447 1225 4510 eis
1247 4445 1318 4510 fon-

227 4561 368 4612 Schmidt‚
383 4561 411 4600 de
424 4561 494 4601 Nonii
508 4561 614 4600 Marcelli
629 4563 689 4601 auct.
704 4571 799 4610 gramm.
823 4551 824 4554 ’
1095 4549 1118 4611 4
