3160 5126
627 347 859 411 -105-

170 525 361 583 ueeraum'
396 537 468 595 pro
499 523 745 596 populantur.
797 517 850 578 eni
878 515 1084 580 adnotationi
1113 515 1214 598 digna
1236 527 1313 580 sunt

170 644 252 706 quae
273 621 423 684 conferas
446 620 599 682 lemmata
621 618 772 682 Noniano
793 625 942 682 bellantur
964 640 995 703 p.
1012 617 1086 698 472,
1108 618 1143 680 9;
1168 623 1312 680 bellan-

170 736 230 786 tur
249 741 319 800 pro
340 726 489 784 bellant.
541 714 734 798 Verallius
757 725 816 783 llb.
840 725 888 782 X:
911 723 962 782 ‘et
980 725 1099 798 pletis
1121 723 1314 783 bellantur

171 829 375 886 Amazones
397 827 537 886 armis?
582 830 614 885 et
633 827 761 900 populat
781 843 812 906 p.
835 822 908 903 471,
934 821 986 886 15:
1014 826 1178 900 populat
1206 830 1315 883 estet

168 931 359 1004 passluunt
377 931 601 1003 populatur.
639 929 788 1001 Verallias
811 929 917 1001 Geora.
941 927 991 995 llb,
1008 928 1043 986 I:
1066 927 1315 1002 ‘populatque

170 1035 354 1104 intuentem
381 1029 508 1101 [terris
535 1045 713 1090 aceruum
745 1030 944 1088 durentia?
972 1047 1001 1089 o.
1024 1047 1056 1111 q.
1080 1047 1106 1088 s.
1150 1025 1192 1089 of.
1222 1024 1313 1087 Seru.

169 1131 202 1191 in
218 1127 337 1212 Georg.
355 1126 383 1208 Ι,
397 1127 466 1192 184.
486 1129 519 1190 in
530 1129 612 1191 Aen.
626 1127 705 1206 VII,
719 1127 792 1190 273.
823 1127 878 1190 sed
901 1136 938 1191 ut
959 1127 1072 1212 paucis
1096 1126 1314 1191 demonstrem

169 1238 370 1315 quantopere
393 1231 492 1293 etiam
515 1228 593 1293 alibi
614 1227 790 1293 conueniat
811 1225 1098 1314 immunemque,
1121 1229 1200 1292 haee
1216 1226 1313 1290 aseri-

170 1332 261 1396 bam:
286 1331 371 1396 Non.
394 1353 426 1416 p.
450 1331 525 1412 421,
548 1331 567 1394 8
589 1335 700 1410 cupido
720 1343 847 1394 elamor
866 1333 944 1392 ldem
965 1336 1138 1407 sianlfieare
1159 1333 1314 1410 uldentur3

170 1445 198 1496 et
219 1445 262 1497 est
282 1437 452 1497 diuersitas.
488 1439 598 1512 eupldo
614 1437 692 1495 enlm
714 1436 954 1496 inconsideratae
968 1443 1012 1495 est
1026 1437 1217 1506 necessitatis,
1232 1449 1316 1492 amor

171 1539 284 1598 ludlell.
335 1540 493 1599 Plautus
533 1538 756 1599 Baeeltldls:
800 1533 992 1610 ‘eupldon'
1035 1543 1153 1596 tecum
1189 1538 1316 1595 saeuls

171 1657 268 1700 nune
290 1637 430 1700 amorl'
460 1642 538 1700 ldent
550 1641 726 1701 Curculione
740 1639 885 1699 disereur't
905 1645 934 1698 et
957 1640 1016 1698 alm
1037 1639 1168 1698 eiusdem
1190 1639 1314 1697 dluersl-

171 1744 239 1802 tatls
267 1744 417 1818 expressit
444 1743 564 1804 dicens:
599 1742 715 1817 ‘quod
752 1744 872 1801 Venas
906 1739 1120 1815 Cupidoque
1156 1741 1315 1815 imperat

170 1845 382 1918 suadetque
397 1844 528 1903 Aruer?
560 1844 745 1916 Afranius
760 1847 796 1903 ln
814 1841 954 1901 Omine:
978 1841 1132 1901 ‘amabit
1149 1843 1313 1917 sapiens,

170 1947 324 2020 cupient
344 1949 488 2006 aeteri?
524 1943 589 2004 iam
612 1940 690 2005 audi
712 1939 863 2006 Seruium
883 1939 927 2002 ad
941 1941 1025 2004 Aen.
1047 1938 1108 2020 IV,
1134 1938 1208 2002 194:
1233 1945 1314 2017 eupl-

171 2049 270 2106 dlnem
293 2055 408 2108 ueteres
429 2047 657 2108 immoderatum
672 2062 802 2106 amorem
824 2046 972 2106 albebant.
1006 2046 1156 2118 Afranius
1180 2045 1315 2103 Neaera:

171 2130 267 2208 ‘allas
288 2159 331 2209 est
358 2165 457 2218 amar,
492 2152 572 2210 allas
598 2149 726 2223 eltpldo;
764 2156 891 2208 amant
919 2151 1124 2222 sapientes,
1158 2148 1317 2224 eupiunt

170 2254 314 2311 ceteri!
358 2252 512 2311 Plautus
534 2266 600 2311 eum
622 2253 807 2311 distinetione
824 2254 937 2325 posuit:
962 2246 1148 2325 ‘eupldan'
1177 2255 1210 2306 te
1230 2262 1315 2306 eon-

169 2352 265 2424 [leit
286 2369 382 2413 anne
403 2348 545 2413 amorl'
590 2353 672 2428 qued
693 2353 875 2425 lnlellealtur
897 2353 1084 2411 uehementer
1106 2352 1189 2411 illam
1212 2364 1316 2407 amare

172 2457 218 2514 uel
239 2456 438 2532 impatienter.
475 2457 539 2530 lpse
560 2455 646 2514 allbl:
670 2454 795 2529 ‘quun
824 2455 944 2512 Venas
965 2454 1178 2527 cupidoque
1200 2454 1316 2525 impe-

171 2563 232 2616 rat
252 2556 386 2617 suadet
414 2561 536 2616 amor?
567 2574 596 2616 e.
619 2574 649 2636 q.
674 2575 699 2615 s.
745 2551 793 2616 sie
815 2551 914 2615 etiam
942 2551 1080 2614 eundem
1108 2548 1316 2633 significatio-

170 2676 244 2718 nem
266 2655 442 2719 uerborum
465 2653 588 2718 eisdem
611 2651 770 2740 exemplis
796 2662 970 2738 utrumque
992 2651 1149 2737 probasse
1174 2648 1314 2713 uidebis.

172 2755 213 2819 of.
238 2756 321 2820 Non.
345 2777 377 2840 p.
400 2755 473 2837 238,
497 2757 536 2820 81
567 2765 599 2820 et
622 2754 712 2819 Seru.
742 2755 776 2818 in
797 2755 902 2838 Verg.
932 2755 1016 2818 Aen.
1046 2752 1089 2833 V,
1114 2750 1185 2815 187.
1230 2749 1314 2814 Non.

170 2864 201 2942 p.
225 2857 289 2929 240
316 2866 348 2920 et
378 2857 470 2921 Seru.
500 2858 534 2920 in
561 2858 644 2921 Aen.
675 2858 702 2939 I,
731 2856 802 2920 676.
830 2854 895 2936 ΙΙΙ,
919 2856 992 2920 353.
1016 2853 1098 2917 Non.
1122 2875 1154 2936 p.
1178 2852 1252 2932 243,
1278 2852 1315 2914 17

171 2969 204 3022 et
226 2959 317 3023 Seru.
346 2957 379 3022 in
406 2959 489 3023 Aen.
519 2958 577 3038 IV,
606 2960 658 3022 71.
703 2956 787 3022 Non.
815 2980 847 3042 p.
870 2956 892 3020 4
914 2965 947 3020 et
968 2955 1061 3020 Seru.
1088 2953 1122 3018 in
1149 2954 1233 3016 Aen.
1256 2951 1316 3031 VI,

170 3061 242 3122 222.
287 3060 344 3124 ubi
368 3061 501 3124 Seruius
531 3061 609 3146 quin
631 3059 672 3123 de
699 3057 813 3123 eodem
837 3055 986 3142 exemplo
1009 3055 1162 3120 Plautino
1192 3053 1315 3136 cogita*

170 3161 254 3225 uerit
276 3184 315 3226 ae
342 3161 467 3226 Nonius
495 3182 702 3248 nequaquam
731 3159 856 3224 dubito.
901 3158 983 3222 Non.
1012 3179 1044 3242 p.
1073 3155 1137 3221 554
1164 3161 1263 3218 unclle
1285 3163 1317 3217 et

172 3263 262 3327 Seru.
286 3265 321 3326 in
343 3264 424 3327 Aen.
450 3261 527 3346 VII,
553 3261 620 3326 188.
654 3262 738 3325 Non.
763 3283 794 3346 p.
818 3261 881 3325 522
904 3264 989 3338 apud
1010 3252 1047 3323 θΙ
1066 3256 1157 3322 Seru.
1181 3258 1215 3320 in
1230 3258 1315 3320 Aen.

172 3364 197 3443 Ι,
222 3365 274 3428 24.
320 3364 377 3428 sed
402 3363 482 3429 haee
510 3386 705 3450 quamquem
734 3361 844 3426 multis
875 3360 1012 3446 aliisque
1042 3370 1180 3445 possunt
1202 3359 1318 3443 augeri

171 3466 350 3530 sufficiunt.

567 3636 624 3698 De
647 3633 926 3720 Philargyrio.

195 3767 206 3794 ⁸
255 3771 291 3837 Si
314 3771 453 3835 leuiores
484 3772 553 3834 eius
581 3792 654 3833 oum
677 3769 783 3834 Nonio
811 3767 1041 3832 similitudines
1074 3766 1124 3849 (ut
1146 3766 1230 3832 Non.
1254 3766 1317 3829 312

167 3878 263 3950 fetum
287 3883 319 3937 et
342 3871 426 3936 Phil.
451 3871 494 3936 ad
517 3871 617 3956 Verg.
641 3871 762 3954 Georg.
786 3870 850 3953 ΙΙΙ,
877 3870 947 3933 176.
992 3869 1076 3933 Non.
1099 3867 1162 3932 503
1179 3890 1225 3953 sq.
1241 3873 1319 3930 lauit

170 3985 203 4038 et
224 3973 308 4041 Phil.
338 3973 380 4038 ud
406 3974 506 4057 Verg.
536 3961 655 4057 Georg.
688 3971 753 4054 ΙΙΙ,
781 3973 839 4036 221
871 3972 949 4048 eet.)
987 3970 1181 4055 dempseris,
1216 3990 1316 4031 unum

170 4077 330 4160 grauioris
360 4077 515 4140 momenti
539 4073 733 4161 relinquitur
761 4083 981 4139 commentum
1008 4072 1042 4134 in
1068 4071 1169 4154 Verg.
1193 4069 1314 4153 Georg.

170 4178 222 4261 ΙΙ,
249 4178 326 4242 344:
360 4181 424 4253 fult
453 4189 551 4241 autem
576 4184 668 4258 prior
696 4182 781 4240 lectio
807 4179 911 4253 fribus
943 4168 1096 4251 calorque.
1143 4183 1175 4235 ut
1204 4177 1315 4235 Plan·

136 4307 138 4311 ⁴
170 4292 241 4344 tus:
279 4284 411 4358 ‘neque
437 4283 568 4356 [riuus
596 4300 715 4356 neque
742 4285 907 4342 calorem
933 4286 1053 4340 metuo
1082 4295 1197 4351 neque
1232 4294 1318 4336 uen-

171 4391 242 4444 tum
265 4401 381 4460 neque
405 4385 655 4458 arundinem?
699 4380 741 4444 of.
764 4380 848 4444 Non.
871 4401 903 4463 p.
926 4377 998 4456 200,
1022 4375 1056 4441 2ε
1093 4383 1177 4439 ealon
1197 4382 1317 4455 poneris

172 4489 341 4548 masculini.
393 4488 542 4563 Verpttlas
566 4487 671 4558 deora.
693 4486 745 4547 llb.
767 4485 813 4544 II.
837 4487 944 4562 [344ss
978 4482 1022 4541 ‘sl
1042 4498 1101 4543 nan
1127 4489 1214 4542 tanta
1235 4483 1317 4558 aulas
