3160 5130
579 293 845 404 247·-

165 517 456 576 commentatorem
479 509 577 574 istum
595 509 821 574 Plautinarum
845 508 1028 575 fabularum
1051 510 1226 597 accepisse.
1255 509 1313 573 sed

165 611 294 698 plenius
320 591 508 677 de'ratione
531 633 615 698 quae
642 613 727 676 inter
750 610 892 676 Probum
921 619 954 675 61
975 611 1118 678 Nonium
1140 610 1315 677 intercedit

167 714 254 778 infra
278 736 456 800 exponam,
484 713 528 778 ad
558 736 654 800 quarn
684 712 918 799 expositionem
947 737 1033 780 nunc
1056 713 1153 779 liceat
1181 713 1313 792 161616-

166 837 263 900 gare,
293 816 448 902 quoniam
471 815 512 880 (16
534 815 586 880 his
609 815 771 880 Plautinis
800 815 971 883 ordinibus
994 816 1109 881 eadem
1132 818 1166 881 in
1189 816 1316 880 uniuer-

168 941 243 981 sum
265 917 377 983 ualent
399 940 482 1005 quae
504 916 592 982 infra
614 917 655 982 (16
678 916 751 982 61116
775 917 945 984 ordinibus
969 918 1146 985 iudicanda
1161 919 1286 1005 putaui.

212 1094 217 1098 ,
253 1020 319 1085 Sed
341 1021 539 1087 conueniunt
562 1020 659 1085 etiam
688 1019 818 1104 singula
839 1020 872 1083 in
896 1021 1026 1106 septimi
1053 1022 1169 1108 capitis
1193 1021 1313 1085 ordini·

169 1123 232 1188 bus
248 1145 322 1188 cum
346 1122 513 1188 Prisciano
530 1123 585 1208 qui
608 1119 692 1187 libro
709 1121 794 1188 VIII
810 1121 850 1186 de
866 1123 1040 1188 contrariis
1056 1124 1231 1208 generibus
1243 1145 1314 1187 uer-

167 1226 285 1290 borum
319 1223 469 1289 similiter
492 1248 531 1289 ac
558 1224 686 1289 Nouius
721 1224 878 1289 disseruit
904 1224 1011 1290 Probo
1040 1225 1181 1291 maxime
1204 1226 1314 1290 nixus.
1340 1305 1342 1310 Α

167 1326 270 1392 uerba
298 1336 408 1392 tamen
430 1325 654 1391 Plautinorum
683 1325 832 1392 ordinum
855 1328 902 1412 (p.
924 1327 986 1392 467
1012 1349 1118 1408 napus,
1145 1334 1314 1408 auspicum.

142 1450 143 1454 ¹
169 1435 329 1505 detracturi,
343 1441 444 1510 meret,
457 1440 570 1493 scruta.
599 1451 632 1515 p.
647 1428 710 1493 474
732 1435 831 1507 opino,
848 1429 957 1510 tutent)
975 1451 1046 1493 curn
1068 1429 1156 1515 apud
1175 1430 1313 1494 Priscia-

168 1555 246 1596 uum
266 1532 336 1595 sine
352 1530 509 1618 exemplis
531 1530 681 1618 legantur
696 1540 753 1594 aut
770 1527 842 1595 aliis
864 1553 961 1617 quam
979 1553 1062 1618 quae
1079 1531 1203 1596 Nouius
1221 1554 1312 1618 prac-

169 1633 226 1697 bet
245 1631 462 1715 illustrentur,
479 1657 544 1698 non
566 1633 683 1697 attinet
700 1631 761 1696 hoc
779 1634 849 1698 loco
865 1633 971 1697 fusius
988 1634 1095 1698 dicere
1111 1635 1151 1698 de
1168 1634 1314 1700 fontibus

173 1735 340 1799 Prisciano
363 1745 397 1799 et
418 1734 526 1800 Nonio
557 1735 794 1816 communibus,
817 1735 946 1800 tametsi
969 1734 1143 1800 inhaere
1166 1736 1206 1800 de
1222 1735 1315 1799 Plau-

171 1839 248 1902 tinis
272 1837 442 1903 ordinibus
466 1836 581 1901 eadem
604 1837 779 1902 statuenda
802 1837 956 1902 uidentur
979 1859 1061 1923 quae
1084 1837 1171 1902 iufra
1194 1837 1234 1901 dc
1258 1839 1315 1901 At-

170 1938 268 2004 tianis
292 1938 542 2025 explicabimus.

255 2041 363 2105 Vnum
398 2041 498 2106 etiam
530 2040 649 2112 addam
682 2042 858 2126 uestigium
892 2043 1045 2130 antiquae
1075 2043 1243 2108 doctrinae
1277 2064 1318 2105 ex

172 2143 284 2207 ordine
306 2141 460 2210 Plautino
482 2143 559 2208 inde
581 2166 600 2206 6
622 2167 654 2229 p.
680 2145 751 2225 143,
777 2145 823 2208 10.
858 2144 984 2210 Nonius
1008 2145 1070 2210 ita:
1095 2152 1219 2210 nerninis
1238 2151 1318 2224 posi-

172 2258 233 2310 tmn
250 2266 311 2326 pro
333 2252 452 2312 nuliius.
503 2252 630 2311 Pinntns
665 2251 799 2326 Captiuis
832 2247 916 2330 [111‚
931 2249 973 2330 ,5,
1000 2249 1073 2330 106]
1112 2254 1249 2313 ‘neminis
1275 2268 1320 2310 me

172 2356 302 2422 miseret,
337 2370 407 2413 nom
440 2370 486 2412 me
521 2355 640 2414 miseret
671 2355 838 2413 neminem!
882 2354 1015 2414 Lucilius
1047 2354 1112 2413 Sat.
1147 2356 1198 2415 lib.
1226 2352 1325 2412 XXX

173 2458 308 2516 ‘remittis
330 2457 481 2529 moenium
505 2463 618 2516 truttam
641 2456 793 2528 confidere
816 2458 953 2530 oportet!
979 2449 1147 2516 Charisius
1163 2476 1195 2539 p.
1215 2452 1319 2533 138st

173 2561 298 2619 neminis
321 2559 447 2618 Plantas·
469 2559 499 2618 in
523 2559 657 2635 Captiuis
680 2553 899 2637 [11116107]
930 2558 1068 2618 ‘neminis
1094 2560 1232 2618 misereri
1256 2574 1319 2617 cer·

174 2669 233 2720 tum
256 2665 321 2720 est.'
354 2655 524 2719 Charisius
547 2654 693 2720 hocloco
710 2655 830 2719 Iulium
847 2655 1029 2719 Romanum
1049 2655 1211 2737 adhibuit,
1228 2654 1320 2718 errius
1389 2699 1390 2702 ,

175 2758 421 2823 obseruationes
450 2756 619 2822 redierunt
647 2757 690 2821 ad
713 2755 856 2822 Plinium
885 2768 917 2820 et
940 2759 1081 2844 Oaprurn
1103 2756 1156 2821 uel
1180 2756 1221 2820 ad
1245 2760 1320 2823 Pro-

176 2861 263 2942 bum,
282 2861 343 2924 hoc
364 2869 473 2924 autem
495 2882 611 2946 parurn
635 2859 752 2938 differt,
777 2859 927 2946 quouiarn
953 2858 1094 2924 Plinium
1122 2867 1155 2924 et
1178 2859 1320 2944 Capram

174 2962 282 3027 Probo
312 2961 474 3048 permulta
503 2960 656 3026 debuisse
685 2969 797 3026 notum
833 2971 893 3024 est.
939 2981 1043 3024 nouus
1072 2960 1166 3025 testis
1193 2960 1321 3024 aceedit

175 3064 364 3129 Priscianus
388 3063 495 3151 Capro
525 3087 603 3128 usus
633 3087 664 3149 p.
688 3063 889 3143 2664166
914 3070 1048 3128 nentinis.
1074 3102 1111 3109 —
1135 3063 1274 3126 Lucilius¹
1291 3068 1319 3124 in

176 3171 275 3228 XXX
299 3173 437 3231 ‘neminis
469 3173 590 3246 inuenio
623 3185 799 3244 quemqnam
835 3170 987 3241 corridere
1014 3172 1150 3244 oportet?
1195 3169 1323 3228 lertns

176 3276 206 3332 in
230 3275 366 3348 Captiuis
394 3275 545 3333 ‘misereri
564 3280 677 3332 certnm
703 3275 775 3346 qrtr'o
801 3276 860 3332 mei
890 3275 1008 3331 irriserat
1041 3273 1152 3346 nemo',
1192 3271 1321 3332 Titinius

177 3376 271 3450 ‘atroci
292 3392 385 3448 ropns
407 3378 551 3435 nertinem
575 3377 657 3434 dccet
680 3375 812 3434 bonam!

261 3473 333 3537 1616
356 3473 457 3557 igitur
479 3483 516 3538 ut
539 3473 723 3536 summatim
752 3471 949 3560 complectar
977 3495 1061 3560 quae
1084 3472 1191 3536 adhuc
1213 3472 1322 3557 ‹lispu-

178 3583 245 3639 tata
260 3585 337 3640 sunt
353 3574 393 3638 de
409 3574 570 3639 Plautinis
590 3573 772 3657 ordinibus,
796 3575 953 3640 uidentur
967 3573 1016 3638 illi
1032 3575 1160 3640 ordines
1186 3575 1321 3660 profecti

178 3699 250 3740 6666
266 3699 283 3739 6
299 3675 542 3741 commentariis
567 3675 695 3740 duobus
719 3677 773 3762 qui
798 3677 878 3741 satis
904 3677 997 3742 docte
1018 3686 1050 3742 et
1065 3676 1192 3740 erudite
1209 3677 1321 3762 scripti

179 3779 286 3842 Verrii
309 3777 430 3859 Flacci,
455 3778 620 3858 Varronis,
645 3777 745 3842 Probi
769 3779 893 3843 horreis
909 3779 997 3844 haud
1013 3801 1118 3867 pauca
1140 3777 1324 3842 rettulerint

179 3891 325 3966 accepta,
348 3881 404 3967 qui
427 3900 499 3942 666
516 3878 702 3943 Sisenniani
724 3880 856 3967 quidem
880 3880 1101 3946 commentarii
1125 3881 1226 3964 copiis
1244 3878 1323 3941 nihil

180 3981 364 4048 habuerint.
389 3981 598 4045 —Transeo
622 3983 663 4047 ad
688 3992 811 4047 ceteros
836 3983 979 4047 ordines.
