3160 5126
728 327 938 391 ..92-

257 499 392 566 riarde
420 500 556 580 officiis,
580 499 792 578 Hortensius,
821 498 863 564 de
891 509 1075 580 senectute,
1103 499 1145 562 de
1171 499 1292 564 linibus
1320 513 1401 568 stets

257 603 332 668 dem
347 602 392 668 11.
409 601 549 684 Tullius,
572 600 626 666 die
648 603 719 665 rier
740 600 866 664 andern
884 601 1006 665 ebenso
1023 599 1107 664 ohne
1122 601 1313 669 Ansnabme
1327 607 1402 670 dem

256 705 373 772 Cicero
395 727 447 768 zu.
477 704 629 770 Bedenkt
650 725 726 768 man
748 727 815 768 nun
838 703 893 767 die
907 700 1121 787 grenzenlose
1136 703 1329 772 Dummbeit
1343 709 1400 773 des

256 807 394 888 Nonius,
417 829 454 872 so
475 806 604 871 mochte
625 829 702 870 man
724 807 791 870 fast
811 803 967 890 glauben,
990 804 1066 867 dass
1082 827 1118 868 cr
1132 805 1208 869 dort
1229 812 1402 896 ‘excerpta

256 932 299 974 ex
320 909 366 974 ll.
394 907 578 998 Tullii'ft
600 908 672 972 bier
698 915 873 994 ‘excerpta
899 929 941 970 ex
971 907 1155 970 bicemuis'
1179 947 1219 954 —
1246 909 1401 980 benutzte

256 1011 324 1074 und
346 1009 436 1074 diese
458 1009 886 1075 Namensverscbiedenbeit
905 1008 1011 1072 falscb
1035 1008 1178 1086 deutete,
1197 1032 1225 1072 e.
1243 1034 1273 1098 q.
1292 1035 1319 1075 s.
1344 1014 1401 1098 (cf.

256 1113 363 1198 symb.
387 1111 498 1197 philol.
526 1112 632 1178 Boun.
654 1113 772 1198 past,
794 1111 829 1194 9)
851 1133 936 1198 quae
951 1110 1108 1175 audacius
1125 1111 1399 1199 cumdisputasse

256 1237 384 1280 censeo.
427 1214 507 1301 quid
534 1215 621 1279 enim
650 1217 677 1278 si
704 1215 777 1299 quis
806 1214 896 1277 dicat
924 1212 1052 1277 codices
1074 1215 1164 1299 ipsos
1192 1235 1326 1299 operum
1349 1217 1399 1282 Ci-

256 1318 505 1381 ceronianorum
527 1317 699 1401 inscriptos
722 1316 827 1380 fuisse
849 1315 913 1379 til.
936 1314 1037 1380 Tullii
1060 1321 1177 1399 opera’
1199 1327 1233 1380 et
1254 1316 1400 1382 ‘Cicero-

255 1419 306 1483 nis
328 1420 469 1504 opera'?
499 1419 581 1482 mibi
601 1419 735 1504 quidem
756 1441 891 1504 prorsus
913 1416 959 1481 nil
986 1417 1062 1480 inde
1090 1419 1246 1503 consequi
1268 1419 1401 1484 uidetur

254 1521 319 1586 uisi
342 1521 515 1608 splendida
537 1522 669 1586 inscitia
690 1543 729 1583 ac
752 1529 866 1605 stupor
887 1522 949 1583 iste
971 1542 1075 1604 paene
1089 1518 1294 1584 incredibilis
1308 1524 1400 1587 cuius

257 1624 460 1688 documentis
483 1623 567 1687 liber
588 1623 757 1688 Nonianus
781 1631 894 1686 scatet.
938 1623 1004 1685 iam
1025 1621 1128 1706 igitur
1148 1620 1211 1686 boc
1238 1624 1401 1692 constabit

255 1725 399 1792 Nonium
432 1726 602 1810 ignorasse
634 1725 774 1789 eundem
806 1747 878 1788 esse
906 1733 940 1786 et
967 1721 1112 1787 Tullium
1139 1734 1172 1786 et
1198 1723 1398 1806 Ciceronem,

222 1865 228 1878 ·
257 1827 403 1913 alioquin
418 1829 506 1891 enim
521 1837 588 1892 tam
603 1837 792 1892 constanter
812 1827 878 1889 ista
896 1826 1029 1890 nomina
1050 1825 1083 1888 in
1103 1823 1242 1909 singulis
1266 1827 1398 1915 seriptis

256 1929 398 1994 citandis
419 1928 508 1994 nullo
530 1928 628 1994 modo
655 1929 874 1993 discreuisset
917 1927 1021 2014 quid?
1048 1927 1147 1992 talem
1168 1927 1398 1993 homunculum

255 2031 311 2116 qui
338 2041 446 2095 tantas
475 2053 554 2118 prae
581 2054 617 2095 se
645 2031 775 2121 ferebat
804 2031 926 2116 ingenii
956 2030 1125 2114 augustias
1153 2029 1397 2115 explanationes

176 2167 182 2191 t
256 2133 338 2197 istas
360 2133 593 2199 uocabulorum
620 2133 673 2198 uel
701 2133 916 2221 etymologias
948 2134 1099 2218 quamuis
1125 2155 1280 2218 peruerse
1302 2156 1398 2220 saepe

256 2235 361 2300 factas
383 2256 448 2299 non
470 2245 581 2302 tamen
596 2237 666 2301 sine
681 2236 831 2300 acumine
846 2234 1058 2320 doctrinaque
1073 2237 1277 2318 excogitatas
1292 2237 1397 2322 ipsum

255 2336 422 2402 inuenisse
444 2337 648 2402 credideris?
670 2339 770 2404 immo
793 2336 876 2400 illud
898 2357 956 2400 noa
978 2349 1012 2398 ut
1032 2341 1118 2415 apud
1137 2339 1397 2422 comtempsit,

253 2439 294 2502 27
318 2461 345 2501 s.
367 2463 400 2502 u.
429 2445 515 2504 sodes
538 2439 640 2504 multo
668 2441 772 2524 magis
800 2438 984 2503 doctrinam
1014 2441 1280 2504 commentatoris
1303 2463 1398 2526 quam

257 2539 443 2604 Nonianum
465 2541 632 2626 ingenium
657 2541 792 2606 redolet.
835 2563 939 2628 neque
967 2541 1028 2605 boc
1049 2539 1131 2604 adeo
1154 2563 1301 2627 premere
1325 2541 1398 2607 uolo

254 2642 342 2730 quod
364 2664 406 2706 ne
427 2644 462 2707 in
489 2643 540 2707 his
567 2643 699 2729 quidem
721 2643 892 2708 ordinibus
912 2642 1031 2708 desunt
1052 2643 1195 2727 uestigia
1221 2666 1261 2707 ea
1283 2644 1398 2729 quibus

255 2743 545 2810 Schottmuellerus
567 2767 641 2808 cum
663 2747 703 2810 de
727 2744 887 2838 Plautinis
909 2744 1081 2810 ordinibus
1104 2743 1299 2829 disputaret,
1315 2768 1398 2812 com·

253 2849 430 2914 mentatios
447 2847 629 2934 perspicere
646 2848 711 2913 sibi
726 2846 909 2912 uidebatur.
940 2846 1014 2911 dico
1030 2858 1140 2911 autem
1154 2846 1398 2913 collocationem

256 2948 347 3016 illam
375 2950 609 3016 uocabulorum
639 2950 709 3014 siue
737 2948 938 3035 etymologia
959 2949 1030 3012 siue
1058 2948 1299 3032 significatione
1328 2950 1397 3014 affi-

252 3052 353 3134 nium,
376 3063 415 3116 ut
435 3057 606 3132 defloccare
629 3062 662 3116 et
686 3058 845 3131 depexum.
886 3050 989 3114 simile
1011 3049 1197 3137 exemplum
1218 3051 1397 3118 10010010-

253 3154 352 3218 niano
375 3154 490 3218 ordine
512 3178 544 3241 p.
566 3156 618 3232 34,
645 3155 684 3219 15
712 3163 812 3217 extat.
857 3150 976 3217 lemma
1002 3153 1089 3216 enim
1117 3158 1292 3218 divaricari
1312 3155 1397 3218 exci-

254 3255 343 3340 pitur
366 3255 518 3321 lemmate
540 3264 699 3338 vacillare,
723 3255 856 3320 alterius
872 3263 981 3318 autem
996 3255 1086 3319 uocis
1101 3256 1191 3320 notio
1206 3255 1248 3320 ad
1264 3256 1399 3320 alteram

254 3368 307 3421 sat
327 3378 428 3443 prope
449 3357 576 3422 accedit
603 3368 641 3423 ut
662 3357 761 3421 facile
783 3357 841 3443 qui
868 3357 909 3422 de
937 3361 1136 3420 dinaricundi
1159 3357 1320 3423 uocabulo
1341 3356 1398 3422 ali·

254 3458 334 3544 quid
363 3467 535 3524 notauerat
567 3460 598 3523 ei
631 3459 758 3524 occasio
791 3459 925 3523 daretur
955 3458 1168 3542 attingendae
1196 3482 1399 3546 synonymae

253 3561 395 3624 notionis
418 3566 596 3625 vacillandi.
640 3583 723 3646 quae
745 3561 774 3624 si
796 3570 884 3624 recte
906 3560 1127 3646 disputauisse
1148 3560 1280 3642 uidear,
1304 3561 1400 3626 simul

254 3660 452 3748 explicatum
474 3662 650 3728 habeamus
673 3684 733 3726 cur
754 3660 937 3748 exemplum
954 3660 1056 3726 Tullii
1071 3662 1156 3726 Phil.
1173 3661 1227 3726 III
1242 3666 1263 3744 ξ
1276 3663 1313 3727 31
1333 3661 1400 3728 illic

254 3764 462 3852 potissimum
493 3767 636 3851 positum
662 3765 706 3829 sit
728 3787 801 3829 cum
828 3774 916 3829 totus
941 3763 1021 3830 ordo
1051 3764 1215 3830 efficiatur
1237 3766 1396 3851 exemplis

249 3890 272 3931 c
295 3866 461 3932 Ciceronis
489 3869 523 3932 iu
550 3867 687 3932 Verrem
715 3865 916 3933 orationibus
945 3865 1160 3951 depromptis.
1204 3877 1238 3932 at
1266 3875 1400 3952 quaeret

254 3969 417 4055 quispiam
439 3992 503 4054 quo
526 3970 758 4034 commentario
783 3990 861 4032 usus
884 3990 955 4032 esse
981 3967 1107 4032 Nonius
1135 3967 1216 4033 mihi
1236 3966 1399 4032 uideatur.

254 4069 297 4133 ad
319 4070 406 4156 quud
428 4081 465 4136 ut
487 4071 684 4158 respondere
705 4072 828 4157 possim
855 4073 1058 4134 excutiamus
1081 4092 1214 4135 necesse
1236 4080 1286 4134 est
1314 4092 1398 4134 com·

255 4182 472 4237 mentatoruut
508 4173 670 4259 reliquias.
722 4183 754 4236 et
790 4172 980 4259 comparaui
1016 4171 1149 4259 quidem
1184 4173 1293 4235 omnia
1326 4193 1401 4236 cum
1433 4189 1436 4196 ·

255 4271 379 4356 Nonio,
416 4297 499 4360 quae
536 4284 644 4338 tamen
679 4274 859 4340 inuenerim
896 4274 1095 4358 paucissima
1125 4295 1196 4337 esse
1224 4296 1265 4337 ne
1294 4272 1400 4337 dicam

256 4372 344 4438 nulla
366 4375 586 4440 confitendum
610 4386 669 4440 cst.
714 4377 748 4439 in
771 4376 817 4439 eis
842 4384 951 4439 autem
974 4397 1053 4460 quos
1082 4375 1220 4440 forsitan
1244 4373 1399 4440 adhibere

254 4477 398 4562 potuerit
421 4476 546 4542 Nouius
574 4479 714 4562 primum
743 4500 878 4543 numero
908 4475 1073 4542 Statilium
1095 4477 1276 4542 Maximum
1304 4498 1400 4562 quem
