3160 5130
1279 8 1314 23 ἰ·
1338 8 1459 29 --η--ι
1504 9 1576 119 -q

1182 42 1186 50 .
1382 34 1409 51 ““ι

754 360 966 424 ..68.,

288 531 371 596 ¹Non.
394 554 426 617 p.
453 530 503 594 18.
547 549 651 594 rumen
668 535 780 596 dicitur
800 537 885 594 Iocus
906 537 938 594 iu
960 541 1066 594 uentre
1087 550 1147 609 quo
1168 533 1252 594 citus
1265 537 1394 596 sumitur
1408 541 1439 593 et

415 638 496 696 unde
516 636 665 708 redditur,
688 637 784 697 uude
805 644 841 694 et
862 639 1056 696 ruminare
1078 637 1231 696 dicitur.

288 736 377 800 Fest.
400 756 431 819 p.
455 733 529 797 270.
574 755 679 798 rumen
701 746 745 799 est
765 755 843 814 pars
863 741 1016 812 collique
1038 756 1107 798 usco
1130 739 1310 806 deuormur,
1339 741 1439 797 unde

415 848 450 899 ot
470 857 624 900 rumore
646 841 826 901 dicebant
846 841 944 915 quod
964 851 1061 900 nunc
1082 842 1287 900 ruminare.

290 1017 376 1081 Non.
400 1040 432 1103 p.
459 1015 529 1080 154.
569 1021 712 1094 primiter
732 1037 791 1094 pro
811 1021 952 1096 primae!
968 1021 1180 1094 primiluspro
1199 1022 1308 1093 primo.
1338 1021 1439 1078 Pom-

413 1123 549 1197 ponius
582 1121 725 1182 rtloocis
753 1124 929 1195 neminis:
962 1123 1062 1197 ‘quin
1090 1121 1181 1180 hono
1209 1125 1331 1182 animo
1364 1117 1439 1180 est!

416 1226 524 1283 uideo
544 1226 664 1299 eripis
684 1225 860 1299 primitcr
882 1225 925 1283 de
941 1223 1157 1301 poenibus?
1181 1241 1209 1282 e.
1233 1243 1264 1305 q.
1288 1241 1314 1282 s.

290 1321 418 1387 Charis.
455 1345 487 1407 p.
522 1319 596 1385 210.
635 1328 785 1401 premerer.
830 1326 1048 1402 Pomponius
1086 1325 1230 1385 Mocct's
1263 1328 1438 1400 uenenis:

374 1429 478 1488 ‘bono
500 1430 618 1488 animo
640 1446 692 1497 es,
716 1430 839 1504 erjpt's
854 1431 1040 1504 prinn'ter.

375 1603 545 1668 Charisius
574 1612 681 1666 autem
710 1602 830 1667 Iulium
858 1603 1041 1668 Romanum
1070 1613 1200 1667 secutus
1224 1611 1289 1683 est,
1318 1603 1384 1684 hic,
1410 1605 1440 1666 si

288 1730 361 1772 cum
385 1702 656 1771 Schottmuellero
680 1705 734 1790 (de
758 1704 855 1770 Plinii
878 1704 971 1771 libris
995 1705 1218 1790 grammaticis
1240 1729 1270 1791 p.
1287 1704 1342 1790 32)
1367 1727 1439 1768 sen-

288 1811 399 1890 timuS,
424 1807 541 1890 Plinio,
566 1808 685 1894 Capro,
709 1807 782 1871 aliis
804 1830 883 1871 usus
907 1816 966 1871 est.

288 1987 372 2050 Non.
397 2009 428 2072 p.
451 1987 525 2050 506.
566 1988 663 2063 sulpit
681 2007 739 2064 pro
758 1989 867 2064 sulqet.
912 1991 1046 2050 Lucilius
1067 1989 1129 2048 Sot.
1152 1990 1201 2048 lto.
1235 1989 1295 2049 VII
1317 2006 1344 2048 e.
1362 2007 1393 2071 q.
1411 2008 1438 2048 s.

288 2089 392 2152 Prisc.
426 2089 499 2152 445.
550 2089 659 2166 fulqeo
689 2093 793 2166 sulces
825 2099 854 2151 et
882 2091 970 2166 luipo
1005 2092 1113 2168 fuluis.
1158 2093 1301 2153 Lucanus
1330 2095 1360 2151 tn
1394 2091 1438 2149 X.

420 2213 447 2254 e.
471 2215 502 2276 q.
527 2213 553 2253 s.

288 2343 371 2410 Non.
396 2367 428 2430 p.
450 2343 524 2407 508.
564 2349 680 2423 peribit
696 2364 758 2423 pro
776 2350 888 2423 portet.
914 2365 941 2407 e.
965 2366 996 2430 q.
1021 2366 1045 2408 s.

288 2446 398 2510 Diom.
415 2467 447 2531 p.
463 2445 526 2508 383
542 2445 586 2508 K.
616 2453 723 2525 poris:
745 2467 812 2510 oum
827 2466 867 2508 ex
888 2450 946 2510 too
967 2450 1103 2508 dicamus
1124 2451 1304 2521 infinitivum
1324 2465 1441 2523 perere

414 2555 502 2611 tertio
538 2553 658 2622 ordine,
696 2554 782 2627 opud
816 2559 933 2611 ueteres
963 2554 1074 2627 parire
1112 2553 1223 2611 dictum
1259 2554 1438 2626 reperimus.

416 2670 444 2712 e.
468 2672 500 2734 q.
525 2672 551 2712 s.

374 2801 569 2866 Di0medem
594 2825 670 2867 uero
687 2802 813 2866 Keilius
837 2801 956 2888 (praef.
979 2824 1012 2888 p.
1030 2803 1075 2866 LI
1091 2805 1176 2890 sqq.)
1200 2803 1439 2867 demonstrauit

287 2904 394 2968 Probo
417 2927 512 2968 usum
535 2927 607 2968 esse
630 2919 778 2986 auctore,
808 2926 870 2990 quo
894 2927 967 2968 cum
990 2906 1089 2968 etiam
1112 2905 1298 2969 Priscianus
1328 2906 1438 2990 capite

288 3005 375 3070 VIII
398 3029 475 3070 usus
500 3008 553 3089 sit,
578 3006 676 3071 Nonii
700 3017 814 3071 auctor
829 3008 907 3070 item
919 3006 1091 3092 Berytium
1107 3005 1147 3070 ad
1164 3016 1274 3091 partes
1298 3029 1437 3070 uocassc

288 3109 431 3172 uidetur.
454 3145 495 3156 —
518 3109 570 3175 De
594 3119 740 3174 extremo
769 3109 881 3174 ordine
908 3131 949 3172 ne
978 3107 1133 3172 fallamur
1161 3108 1244 3171 mira
1272 3129 1345 3172 cum
1368 3108 1437 3172 Pri-

288 3211 397 3274 sciano
421 3210 634 3276 similitudine
658 3210 842 3275 cauendum
858 3220 918 3274 est.
949 3208 1003 3273 ille
1018 3209 1104 3274 enim
1120 3211 1227 3296 capite
1242 3209 1318 3289 XV,
1335 3232 1368 3296 p.
1385 3210 1436 3290 70,

286 3311 402 3395 4-71,
428 3314 467 3376 13
490 3313 534 3376 Η.
579 3313 619 3377 de
651 3313 697 3377 eis
727 3312 892 3377 aduerbiis
922 3312 1084 3376 disserens
1107 3334 1191 3397 quae
1220 3313 1370 3397 quamuis
1394 3313 1436 3377 ab

287 3411 423 3477 alterius
453 3412 681 3479 declinationis
711 3413 883 3478 adiectiuis
915 3413 1062 3478 deriuata
1085 3422 1193 3477 tamen
1215 3412 1248 3475 in
1271 3419 1329 3477 iter
1352 3413 1436 3477 desi-

288 3524 383 3592 nant,
405 3515 520 3578 eadem
543 3515 702 3579 aduerbia
724 3516 839 3580 eodem
861 3516 974 3579 ordine
997 3537 1070 3580 cum
1093 3514 1215 3579 eisdem
1238 3515 1435 3580 testimoniis

288 3637 327 3678 ac
349 3615 475 3680 Nonius
499 3614 646 3702 protulit,
670 3625 707 3680 ut
728 3615 848 3680 nubem
878 3639 956 3681 sane
984 3638 1043 3702 pro
1066 3616 1191 3681 Iunone
1213 3614 1366 3702 amplecti
1389 3619 1435 3680 ui-

288 3716 438 3781 deremur
460 3717 488 3781 si
504 3740 706 3782 communem
721 3720 891 3805 utriusque
906 3720 1030 3784 fontem
1053 3718 1273 3801 crederemus3
1298 3729 1436 3805 apparet

288 3819 374 3882 enim
410 3818 613 3882 Priscianum
648 3843 665 3883 e
692 3819 800 3886 Nonio
839 3843 897 3884 sua
931 3821 1136 3906 congessisse
1172 3820 1207 3883 id
1244 3820 1332 3905 quod
1368 3822 1434 3885 iam

287 3919 442 3984 Hertnius
467 3918 575 4007 (Pilol.
599 3920 664 3984 uol.
688 3921 740 3984 XI
762 3946 794 4007 p.
817 3923 880 3987 593
903 3921 989 4007 sqq.)
1013 3921 1262 3986 demonstrauit.
1308 3923 1434 4008 quade

287 4045 322 4086 re
344 4021 524 4086 uidendum
547 4032 597 4086 est
618 4045 695 4085 num
719 4022 801 4087 alius
827 4019 918 4090 ¹forte
945 4045 1039 4108 opem
1069 4021 1194 4086 laturus
1223 4024 1266 4087 sit
1294 4033 1435 4109 apteque

287 4123 429 4188 Charisii
454 4123 665 4189 inuocabitur
687 4124 880 4189 subsidium.
1133 4119 1135 4126 ’

287 4290 385 4356 Char.
408 4315 439 4379 p.
466 4293 536 4376 195,
563 4294 611 4357 12.
656 4300 796 4374 ampliter
818 4299 944 4358 Plautus
965 4302 996 4359 o'n
1014 4346 1020 4359 .
1038 4343 1044 4358 .
1063 4343 1070 4357 .
1088 4342 1094 4356 .
1114 4314 1174 4375 pro
1196 4301 1303 4374 ample.

415 4417 481 4458 non
510 4395 624 4461 dubito
655 4395 734 4481 quin
762 4395 930 4460 Charisius
959 4396 999 4460 de
1027 4397 1140 4461 eodem
1163 4395 1311 4483 exemplo
1338 4396 1431 4463 Plau·

414 4496 483 4560 tino
507 4495 637 4572 dixerit,
663 4496 749 4582 quod
772 4497 871 4560 habet
892 4497 1018 4562 Nonius
1041 4521 1072 4584 p.
1096 4499 1173 4577 511,
1199 4498 1248 4562 15.
