3160 5126
634 348 869 412 „m-

180 542 211 604 p.
233 518 307 598 553,
330 518 361 582 8.
385 518 688 601 (οοιεείροοοονων).
734 529 832 604 atque
855 519 1020 604 primariis
1046 518 1178 603 quidem
1209 519 1326 584 borum

179 620 327 683 ordinum
350 618 431 684 locis
453 618 577 682 adferri
599 621 705 684 solent
728 621 790 683 bae
804 631 951 684 saturae:
976 619 1323 704 nunccupantem

179 726 312 804 φθορᾶς
333 721 479 804 adoptem
508 721 734 808 Papiapapae,
762 721 841 802 περὶ
869 719 1060 806 ἐγκωμίωνς
1094 721 1325 806 Flaxtabulae,

180 823 257 904 περὶ
290 823 477 906 ἐπαρχιῶν,
501 819 701 907 Ἑκατόμβη,
738 823 815 905 περὶ
847 828 998 906 horam
1033 825 1219 907 Περίπλοις,
1248 825 1326 908 περὶ

180 927 397 1008 φιλοσοφίας,
430 927 638 1007 Τρίφαλλος,
665 925 743 1006 περὶ
774 923 1012 1010 ἅρρενότητοςς
1041 927 1218 997 Serranus,
1247 926 1325 1006 περὶ

179 1023 420 1110 ἀρχαιρεσιῶν,
432 1025 626 1092 Prometheo
641 1025 747 1092 libero.
758 1028 820 1112 (ὣς
833 1030 910 1110 περὶ
922 1032 1092 1110 κεραυνοῦ
1106 1029 1169 1114 (ἲ),
1185 1029 1248 1092 Est
1260 1049 1326 1092 mo-

179 1130 239 1192 dus
254 1127 406 1208 matulae,
418 1128 618 1212 ιερῖμεθηῃ
631 1128 748 1194 Gallus
762 1130 964 1211 Fundanius,
978 1130 1019 1194 de
1033 1129 1249 1212 admirandis3
1261 1131 1325 1194 De

184 1231 276 1312 uicti,
298 1231 376 1312 περὶ
398 1234 605 1313 φιλονικίας;
629 1232 840 1316 Aborigines,
863 1232 941 1312 περὶ
955 1229 1151 1314 ἄνθρωπον
1173 1231 1325 1313 φύσεως;

185 1330 230 1397 Tri
260 1333 315 1397 ἐπὶ
343 1337 385 1418 τῇ
413 1336 507 1417 φακῇ
533 1333 661 1416 μύρον,
689 1334 767 1414 περὶ
800 1330 974 1417 adparatum
1004 1333 1221 1417 Συνέφηβος,
1249 1334 1325 1414 περὶ

93 1419 96 1426 ’
181 1437 339 1518 ἐμμονής.
388 1445 558 1520 praeterea
590 1457 674 1521 quac
702 1435 898 1500 adseruntur
931 1446 1062 1499 saturae
1088 1435 1248 1500 incertum
1277 1445 1328 1499 est

180 1559 275 1622 quem
304 1537 410 1600 locum
436 1537 472 1599 in
500 1536 601 1601 Nonii
628 1538 719 1602 fonte
746 1537 958 1602 obtinuerint.
1008 1548 1085 1601 sunt
1111 1547 1221 1600 autem
1249 1537 1325 1600 hae:

186 1641 255 1702 Τοῦ
270 1635 398 1720 πατρὸς
413 1633 452 1702 τὸ
473 1639 621 1720 παιδίον,
637 1637 714 1722 περὶ
729 1640 957 1715 ποιδοποιίαςς
981 1639 1238 1718 Testamentum,
1250 1638 1325 1718 περὶ

180 1742 371 1823 denitunam
405 1729 518 1822 Εὗρεν
553 1737 574 1824 ἡ
602 1737 709 1823 λοπὰς
740 1739 778 1805 τό
813 1746 927 1826 πῶμα,
962 1739 1039 1824 περὶ
1071 1739 1325 1824 γεγαμηκότωνς

180 1839 364 1905 Pseudolus
387 1841 522 1928 Apollo,
553 1843 630 1924 περὶ
651 1845 745 1907 θεῶν
775 1843 1005 1926 διαγνώσεως;
1028 1839 1158 1926 'Appon
1184 1851 1328 1925 μετρεῖς,

180 1942 257 2025 περὶ
272 1947 516 2026 φιλαργυρίας,
531 1942 611 2028 ’Exn
627 1962 677 2026 σε,
693 1945 773 2028 περὶ
787 1945 904 2028 τύχης,
922 1945 1071 2008 Mutuum
1082 1943 1162 2008 muli
1177 1943 1326 2022 scabunt,

171 2044 258 2126 ,περὶ
279 2049 462 2130 χωρισμοῦ.

263 2147 414 2211 Alterum
436 2171 539 2233 genus
563 2149 715 2213 ordinum
736 2151 798 2213 hae
813 2159 945 2213 saturae
962 2149 1124 2212 efficiunt:
1149 2147 1326 2233 Marcipor,

179 2247 388 2330 audabatas,
411 2251 485 2316 Lex
505 2251 651 2330 Maenia,
680 2251 758 2332 περὶ
779 2249 944 2334 αἱρέσεων
950 2299 959 2332 ,
983 2250 1157 2338 lllysteria,
1182 2249 1326 2334 Agatho,

181 2349 414 2435 Endymiones,
431 2351 571 2437 Virgula
586 2351 709 2431 diuina,
726 2351 962 2438 Quinquatrus,
979 2349 1326 2432 Gerontodidascalus,

180 2452 355 2532 Parmeno,
385 2453 544 2519 Hercules
567 2463 657 2518 tuam
679 2453 795 2535 fidem,
818 2452 985 2538 Meleagri,
1013 2450 1110 2537 Ταφὴ
1134 2455 1326 2534 Μενίππου,

184 2553 421 2642 Sesquiulixes,
445 2557 632 2641 sexagesis,
656 2559 775 2620 Γνῶθι
798 2554 956 2638 σεαυτόν,
979 2555 1190 2620 Eumenides.

209 2637 223 2660 ’
264 2658 414 2721 Tertium
443 2659 585 2744 denique
612 2657 688 2722 hae:
723 2657 912 2739 Bimarcus,
939 2656 1100 2722 Hercules
1131 2657 1326 2736 Socraticus,

179 2758 321 2840 Manius,
344 2759 489 2840 ModiuS,
509 2756 609 2835 Ὄνος
630 2759 746 2843 λύρας.
777 2768 914 2845 apparet
935 2759 1036 2842 igitur
1058 2757 1200 2820 Nonium
1227 2756 1327 2842 pluri·

180 2861 241 2926 bus
264 2859 359 2926 libris
382 2883 479 2926 usum
502 2883 591 2944 esse,
614 2861 650 2924 id
672 2862 759 2946 quod
781 2861 842 2923 boc
865 2881 993 2946 quoque
1020 2867 1213 2942 argumento
1236 2859 1325 2922 euin-

180 2961 263 3025 citur
289 2964 378 3049 quod
404 2963 517 3026 uariae
544 2960 619 3025 illae
647 2972 834 3026 saturarum
864 2962 965 3024 series
992 2958 1182 3046 plerumque
1211 2958 1326 3024 eodem

178 3063 240 3127 hoc
262 3066 375 3130 ordine
397 3064 483 3130 inter
505 3087 540 3128 se
562 3062 731 3149 excipiunt
752 3074 790 3129 ut
811 3073 941 3128 saturae
954 3059 1062 3148 duplis
1075 3061 1178 3126 titulis
1191 3062 1327 3148 inscrip-

180 3174 231 3230 tae
264 3188 323 3252 per
362 3164 492 3251 singula
525 3167 636 3252 capita
667 3165 790 3251 primas
824 3165 918 3230 sedes
952 3172 1108 3244 teneant,
1136 3161 1328 3249 simpliciter

180 3267 356 3353 inscriptae
379 3267 608 3351 duodeuiginti
630 3265 707 3332 illae
730 3266 906 3345 secundas,
937 3266 1081 3352 quinque
1103 3264 1188 3329 istae
1210 3265 1328 3352 quibus

67 3427 74 3442 ,
179 3370 257 3432 item
286 3368 425 3455 simplex
459 3380 508 3435 est
536 3368 670 3451 titulus,
692 3379 869 3434 extremar.
914 3369 970 3453 qui
993 3365 1073 3433 ordo
1100 3377 1151 3432 ter
1173 3366 1327 3432 uiolatur.

180 3492 297 3554 nempe
329 3471 446 3557 capitis
469 3472 504 3536 ΙΙ
531 3475 565 3536 in
598 3472 707 3538 littera
735 3474 767 3537 A
795 3481 926 3536 saturae
954 3469 1129 3556 dupliciter
1150 3468 1328 3556 inscriptae

179 3571 305 3654 ultimo,
327 3573 362 3635 in
384 3573 536 3638 litteraP
558 3575 666 3638 medio
689 3573 759 3639 loeo
782 3582 964 3659 ponuntur;
988 3575 1022 3635 in
1045 3569 1152 3658 capite
1169 3570 1217 3636 VI
1237 3574 1327 3658 quin·

179 3694 242 3760 que
264 3682 395 3738 saturae
418 3675 572 3760 leguntur
594 3684 669 3740 ante
693 3675 917 3760 duodeuiginti
933 3673 1123 3759 simpliciter
1144 3673 1328 3759 inscriptae.

180 3773 374 3862 aliquotiens
393 3777 583 3862 permisceri
599 3787 694 3863 putes
707 3787 837 3842 saturas
849 3779 897 3840 ita
912 3787 948 3840 ut
963 3773 1136 3862 dupliciter
1151 3774 1328 3859 inscriptae

180 3876 410 3942 consocientur
438 3901 513 3943 cum
545 3878 591 3942 eis
625 3879 744 3964 quibus
774 3877 914 3964 simplex
943 3875 1058 3943 titulus
1086 3884 1146 3939 est.
1196 3874 1237 3938 de
1264 3896 1328 3961 qua

180 3987 288 4041 tamen
310 4000 345 4040 re
367 3981 472 4044 omnis
497 3980 657 4045 dubitatio
681 3979 807 4044 tollitur
830 3979 857 4044 si
880 3978 1010 4044 ordines
1032 3977 1104 4041 illos
1120 3997 1193 4040 cum
1210 3975 1326 4040 ceteris

179 4076 404 4166 discrepantes
428 4084 615 4146 accuratius
638 4080 908 4146 consideraueris.
954 4101 1029 4144 nam
1051 4101 1083 4164 p.
1111 4077 1179 4158 105,
1201 4076 1245 4141 30
1267 4078 1328 4142 etsi

185 4183 362 4265 Τριοὸίτης
392 4182 584 4267 τριπύλιος,
614 4182 691 4264 περὶ
717 4179 840 4265 ἀρετῆς
872 4181 1019 4266 κτήσεως
1051 4180 1237 4243 nominatur
1263 4201 1328 4243 una

180 4304 254 4347 eum
276 4285 396 4348 saturis
424 4284 490 4349 his:
513 4284 603 4370 Lege
631 4283 777 4367 Maenia,
806 4287 904 4367 Ταφῇ
929 4283 1123 4363 Μενίππου,
1157 4280 1327 4366 Sexagesi‚

180 4392 294 4449 caueto
324 4407 364 4449 ne
393 4385 578 4472 exemplum
606 4408 647 4449 ex
675 4385 732 4450 illa
758 4395 870 4450 satura
897 4384 1072 4470 repetitum
1099 4404 1233 4449 censeas
1256 4404 1329 4448 esse

180 4486 382 4570 primarium.
427 4488 462 4550 id
484 4511 502 4551 e
529 4487 684 4552 Varronis
706 4487 888 4572 Marcipore
912 4485 1072 4551 adscitum
1096 4496 1161 4569 est3
1182 4486 1248 4550 iam
1271 4485 1328 4550 du·

231 4594 340 4647 Schmidt,
355 4596 382 4638 de
394 4595 458 4636 Nonii
473 4595 567 4638 Marcelli
582 4600 637 4637 auct.
652 4608 742 4650 gramm.
1107 4595 1125 4652 9
