3160 5126
638 415 640 419 Ι
727 320 1015 386 ——114--2

453 495 484 561 2.
507 505 606 580 neget
828 495 984 580 Pompon.
1008 494 1132 559 Maiali.

829 597 956 661 Ennius
979 596 1168 662 Ambracia.
1258 637 1261 643 ι

830 699 934 764 Varro
957 698 1078 762 Manio.

827 799 915 866 idem
939 795 1021 875 ὄνος
1039 799 1153 883 λύρας.

452 907 482 970 3.
506 905 728 970 uerecundum
828 902 936 969 Plaut.
961 903 1080 988 Amph.

452 1011 483 1072 4.
507 1030 609 1073 uenor
829 1006 956 1069 Ennius
978 1005 1110 1070 Nemea.

353 1231 454 1294 Recte
477 1228 562 1292 uidit
585 1227 715 1292 Riesius
734 1227 913 1294 uerborum
935 1227 994 1290 has
1018 1228 1119 1292 series
1148 1239 1223 1314 post
1244 1228 1418 1294 Luciliana

267 1333 457 1420 plerumque
485 1333 609 1417 positas
637 1352 708 1394 esse
736 1338 769 1394 et
796 1353 836 1394 no
865 1328 926 1394 hoe
954 1328 1085 1414 quidem
1113 1351 1309 1417 quemquam
1330 1331 1418 1416 fugit

266 1445 342 1521 post
363 1434 453 1521 ipsas
475 1433 597 1518 ubique
619 1432 687 1496 fere
711 1430 941 1496 aduerbiorum
962 1430 1078 1494 inferri
1106 1431 1248 1497 ordines.
1293 1455 1358 1519 qua
1379 1455 1416 1496 re

212 1570 215 1576 ·
266 1539 375 1622 grauis
398 1538 501 1600 oritur
524 1534 666 1620 suspicio
689 1556 707 1597 e
728 1533 820 1598 fonte
841 1555 897 1597 eas
925 1531 1060 1596 fluxisse
1082 1555 1102 1596 a
1124 1534 1241 1598 ceteris
1271 1533 1414 1601 diuerso.

267 1639 404 1704 offendit
425 1638 513 1704 enim
541 1636 629 1724 quod
656 1635 710 1700 hic
737 1657 802 1701 non
826 1657 868 1699 ex
897 1635 993 1698 unius
1023 1634 1192 1720 scriptoris
1216 1637 1317 1723 copiis
1340 1659 1414 1700 con-

266 1750 376 1826 gestos
400 1741 530 1805 ordines
553 1738 712 1804 habemus
736 1759 850 1801 uerum
872 1737 920 1800 ita
941 1736 1110 1802 institutos
1133 1746 1170 1801 ut
1191 1738 1296 1823 magis
1320 1761 1414 1804 uoca-

265 1843 417 1908 bulorum
439 1863 522 1928 quae
544 1849 728 1906 tractantur
750 1861 848 1925 quam
871 1838 1038 1924 scriptoris
1054 1839 1111 1925 qui
1126 1839 1252 1904 citatur
1266 1841 1301 1905 in
1322 1841 1416 1905 testi-

266 1945 411 2009 monium
433 1943 516 2008 ratio
539 1940 710 2006 habeatur.
746 1941 774 2003 is
797 1940 899 2024 igitur
920 1963 983 2026 quo
999 1940 1123 2006 Nonius
1138 1964 1218 2005 usus
1234 1950 1284 2006 est
1298 1953 1415 2008 auctor
1453 1962 1458 1968 ’

185 2061 187 2065 ’
266 2045 367 2111 uerba
390 2066 473 2130 quae
501 2043 577 2106 miri
606 2041 729 2128 aliquid
759 2042 829 2105 siue
857 2041 1094 2126 significatione
1122 2044 1192 2108 siue
1215 2043 1320 2108 forma
1342 2044 1414 2130 ipsa

265 2169 401 2233 praese
429 2145 569 2227 ferrent,
601 2168 618 2210 e
652 2144 753 2208 uariis
783 2143 999 2228 scriptoribus
1029 2145 1281 2231 conquisiuerat.
1326 2146 1414 2232 quod

268 2249 477 2313 uehementer
498 2269 557 2311 nos
585 2246 760 2312 admonere
788 2245 921 2309 uidetur
947 2243 1150 2330 glossatoris.
1195 2270 1300 2334 neque
1323 2248 1413 2312 deest

266 2351 354 2438 quod
383 2348 519 2414 adiuuet
546 2347 631 2413 hano
654 2347 860 2412 sententiam.
904 2348 976 2412 ueri
999 2348 1086 2412 enim
1108 2347 1283 2414 admodum
1307 2349 1412 2414 simile

265 2461 314 2516 est
325 2452 468 2516 Nonium
482 2450 672 2516 adhibuisse
688 2449 808 2515 librum
826 2449 1030 2535 alphabetico
1048 2449 1163 2515 ordine
1175 2451 1410 2536 conscriptum3

265 2555 350 2640 quod
373 2554 400 2617 si
423 2575 488 2618 non
510 2554 557 2617 ita
579 2561 680 2633 esset,
709 2552 900 2616 miraremur
925 2551 1073 2636 profecto
1096 2553 1184 2638 quod
1212 2553 1343 2617 ordines
1365 2552 1410 2616 illi

266 2657 406 2720 maxime
429 2656 463 2719 in
486 2676 523 2720 eo
546 2655 653 2740 capite
668 2661 737 2717 tam
752 2651 843 2737 longi
859 2662 973 2718 extant
988 2663 1020 2718 et
1036 2655 1177 2736 extensi,
1201 2654 1290 2741 quod
1304 2655 1411 2743 ipsum

265 2782 307 2822 ex
333 2758 516 2823 litterarum
545 2756 656 2821 ordine
684 2757 810 2822 Nonius
839 2755 988 2840 digessit.
1033 2755 1112 2841 quin
1140 2757 1168 2820 si
1196 2755 1284 2820 illam
1314 2757 1411 2841 primi

260 2862 380 2946 capitis
415 2865 528 2924 seriem
562 2859 746 2924 accuratius
780 2857 977 2944 inspexeris,
1012 2857 1118 2942 magis
1151 2859 1251 2922 etiam
1284 2881 1409 2924 mecum

264 2964 396 3028 senties.
441 2961 685 3052 duobuslenim
714 2968 864 3026 incusare
892 2970 925 3025 et
947 2965 1125 3040 uituperare
1152 2957 1313 3025 lemmatis
1337 2961 1409 3027 sub-

263 3065 369 3129 ductis
405 3063 452 3128 sic
480 3063 629 3148 singulae
657 3062 787 3147 glossae
815 3060 1011 3148 procedunt:
1050 3068 1255 3145 condepsere,
1284 3069 1407 3154 ordire,

261 3173 383 3252 pilare,
418 3173 589 3251 populare,
619 3170 752 3247 rasere,
781 3169 998 3245 supersedere,
1026 3168 1187 3240 titinnire,
1217 3173 1408 3234 verminari.

262 3267 427 3352 glossator
448 3276 556 3331 autem
584 3267 656 3332 siue
683 3289 725 3332 ex
751 3266 832 3353 ipsis
860 3265 1075 3352 scriptoribus
1103 3267 1174 3331 siue
1202 3290 1219 3332 e
1247 3290 1407 3334 commen·

263 3369 354 3434 tariis
378 3369 570 3454 compilauit
598 3369 800 3451 testimonia,
824 3378 953 3433 ueteres
977 3369 1207 3453 grammaticos
1231 3392 1295 3435 non
1316 3393 1408 3458 repu-

263 3471 370 3535 diasse
391 3470 533 3552 uidetur,
557 3472 709 3555 quoniam
732 3472 765 3534 in
780 3470 831 3534 his
847 3492 975 3555 quoque
991 3469 1160 3536 ordinibus
1177 3494 1274 3558 saepe
1288 3472 1407 3553 Verrii,

262 3571 377 3652 Probi,
412 3569 528 3651 Plinii,
562 3569 660 3656 Capri
668 3619 677 3652 ,
712 3571 850 3636 aliorum
879 3573 1023 3636 cernitur
1052 3573 1216 3656 doctrina,
1245 3575 1338 3639 cuius
1360 3576 1407 3638 rei

261 3672 458 3759 grauissima
480 3670 627 3736 adferam
650 3673 781 3738 indicia.

261 3893 345 3959 Non.
368 3916 400 3980 p.
423 3892 476 3975 39,
499 3893 551 3957 21.
598 3899 700 3958 ordire
722 3908 766 3959 est
783 3915 904 3974 ponere,
929 3903 1071 3977 tacebere.
1096 3920 1123 3962 e.
1147 3921 1179 3984 q.
1201 3921 1227 3962 s.

259 3996 348 4062 Fest.
372 4019 404 4082 p.
431 3995 501 4060 185.
544 4000 643 4059 ordire·
667 4011 711 4061 est
736 4004 784 4061 ret
806 4004 989 4078 principium
1015 4002 1123 4076 fucere
1157 4005 1237 4062 ande
1263 4011 1292 4064 ec
1318 4012 1406 4080 togae

387 4107 535 4162 uocantur
556 4103 697 4161 exordio.

259 4316 344 4382 Non.
368 4340 400 4403 p.
425 4319 475 4392 97,
500 4320 549 4382 14.
595 4324 722 4398 danunt,
747 4325 833 4384 dant.
867 4343 894 4386 e.
920 4344 950 4409 q.
974 4345 999 4386 s.

259 4418 350 4482 Paul.
374 4442 406 4505 p.
430 4420 482 4484 68.
528 4426 651 4500 danunt,
676 4427 759 4485 dant.
