3160 5130
723 340 930 406 „38-

254 513 386 579 fuerint.
432 512 571 579 alterum
599 535 676 578 uero
705 513 974 579 commentarium
1000 513 1107 577 minus
1135 514 1316 602 perfectum
1344 497 1401 580 trix

255 615 449 682 crediderim
472 615 581 703 plures
604 614 734 682 fabulas
757 615 965 703 complexum
988 637 1061 680 esse
1085 638 1182 702 quam
1194 639 1278 702 quae
1301 617 1335 682 in
1357 618 1401 682 al·

255 719 334 786 teris
356 717 421 783 illis
444 719 615 784 ordinibus
638 717 762 782 adferri
785 717 902 785 solent.

339 821 401 886 His
424 821 556 908 quidem
578 819 819 886 commentariis
842 843 939 907 quem
960 819 993 884 in
1016 821 1148 886 modum
1170 844 1247 887 usus
1271 823 1314 888 sit
1337 823 1401 889 No·

256 926 343 1006 nius,
372 925 482 988 exeis
511 921 608 988 facile
634 923 839 1009 intellegitur
866 945 949 1010 quae
972 946 1071 1010 supra
1099 923 1140 988 de
1169 925 1402 1011 compositione

257 1027 389 1118 protuli.
419 1025 615 1115 paruoluens
639 1025 725 1091 enim
747 1026 877 1092 codices
900 1026 1076 1113 exscripsit
1097 1048 1180 1113 quae
1197 1027 1403 1114 potissimum

257 1141 335 1219 apta
357 1130 521 1211 censebat,
545 1127 676 1194 addidit
697 1139 806 1195 autem
828 1151 961 1194 uersum
984 1131 1144 1214 adquam
1172 1129 1426 1216 explicandum·

258 1232 426 1299 adnotatio
448 1230 559 1318 aliqua
580 1229 671 1296 facta
687 1241 768 1313 eret,
785 1253 890 1319 neque
905 1230 1097 1319 repudiasse
1111 1230 1245 1297 uidetur
1261 1254 1299 1297 ea
1315 1233 1404 1298 testi·

258 1335 367 1400 monia
393 1357 477 1421 quae
508 1333 580 1422 ipse
608 1341 843 1399 commentator
869 1332 1060 1420 protulerat.
1106 1334 1154 1396 sic
1186 1335 1272 1398 enim
1301 1333 1405 1422 expli.

258 1437 399 1505 candum
422 1447 472 1502 est
499 1436 586 1502 unde
614 1436 802 1502 testimonia
824 1435 998 1501 subseeiua
1024 1435 1215 1522 plerumque
1243 1437 1404 1502 habuerit.

258 1563 395 1629 quorum
417 1562 613 1628 quamquam
636 1550 763 1627 partem
785 1539 893 1626 ipsum
908 1537 1051 1604 Nonium
1067 1536 1226 1603 adiecisse
1249 1539 1405 1606 credibile

258 1653 317 1728 est,
341 1643 402 1710 hoc
424 1653 534 1710 tamen
556 1664 749 1730 persuasum
771 1641 851 1706 mihi
873 1641 977 1707 habeo
1001 1663 1040 1706 ea
1061 1638 1212 1727 exempla
1235 1641 1407 1707 subseciua

259 1771 342 1836 quae
365 1745 528 1835 primariis
551 1744 750 1810 antecedunt
772 1767 813 1808 ex
829 1743 945 1809 eodem
960 1742 1151 1830 plerumque
1175 1746 1405 1810 commentario

259 1850 395 1916 fluxisse
418 1872 460 1913 ex
482 1870 547 1935 quo
571 1847 737 1931 primaria.
769 1869 869 1933 supra
884 1848 970 1910 enim
985 1846 1050 1910 iam
1073 1845 1196 1910 dictum
1219 1855 1271 1919 est
1290 1869 1406 1934 parum

261 1961 350 2017 recte
372 1949 462 2016 credi
484 1949 627 2014 Nonium
655 1971 738 2034 quae
766 1959 883 2035 postea
910 1947 1042 2013 demum
1070 1947 1249 2013 inuenisset
1276 1971 1316 2013 ea
1343 1972 1406 2014 uon

260 2063 328 2118 tam
344 2062 509 2118 extremae
525 2049 687 2115 lemmatis
704 2051 790 2136 parti
813 2050 955 2115 assuisse
969 2072 1067 2136 quam
1083 2051 1116 2114 in
1132 2050 1275 2116 medium
1290 2049 1407 2115 lemma

261 2154 445 2220 intrusisse.
489 2174 589 2238 quare
619 2175 639 2216 a
669 2175 746 2218 uero
774 2151 863 2217 haud
888 2150 1003 2239 procul
1025 2154 1182 2240 recedere,
1198 2153 1292 2218 nobis
1316 2153 1405 2217 uide-

261 2281 333 2324 mur
355 2257 382 2321 si
405 2279 443 2320 ea
466 2254 618 2342 exempla
647 2253 821 2321 subseciua
852 2277 936 2342 quae
958 2255 1122 2342 primariis
1147 2255 1346 2321 antecedunt
1367 2256 1407 2320 ab

262 2359 376 2426 eodem
399 2367 533 2424 auctore
555 2380 628 2423 esse
653 2356 854 2444 repetenda,
885 2380 992 2444 aquo
1014 2356 1096 2422 haee
1118 2359 1191 2445 ipsa
1217 2359 1251 2422 in
1278 2358 1405 2423 uniuer-

262 2486 334 2528 sum
358 2462 541 2527 statuimus.

346 2563 419 2630 Iam
447 2563 490 2636 ad
518 2584 557 2626 ea
587 2562 819 2627 transeundum
842 2571 892 2626 est
914 2561 1103 2629 testimonia
1130 2562 1304 2629 subseciua
1326 2586 1407 2650 quae

261 2666 426 2756 primariis
449 2663 625 2731 adduntur.
655 2666 823 2751 quaeritur
845 2664 932 2728 enim
954 2663 1120 2729 undenam
1141 2666 1222 2731 haec
1244 2664 1406 2731 fluxerint.

263 2794 328 2859 qua
350 2771 385 2835 iu
407 2791 442 2833 re
469 2767 530 2832 hoc
558 2788 616 2853 pro
645 2777 735 2833 certo
762 2766 884 2832 habere
912 2765 1023 2833 licebit
1050 2777 1177 2854 partem
1205 2790 1317 2834 eorum
1344 2789 1406 2832 nou

263 2873 346 2940 adeo
368 2893 505 2960 paruam
528 2893 571 2935 ex
593 2869 707 2936 eodem
730 2869 963 2936 commentario
986 2869 1136 2934 haustam
1159 2893 1242 2952 esse,
1265 2870 1300 2935 id
1322 2868 1408 2958 quod

262 2977 295 3041 in
319 2997 358 3040 ea
380 2973 585 3061 potissimum
613 2973 710 3039 cadet
737 2994 820 3060 quae
850 2995 891 3037 ex
912 2971 994 3058 ipsis
1022 2970 1141 3037 fabulis
1169 2971 1330 3038 Plautinis
1354 2971 1408 3038 ad·

263 3081 427 3160 feruntur,
443 3076 478 3140 ni
493 3075 578 3165 forte
593 3075 651 3142 illa
665 3098 794 3164 quoque
809 3074 915 3140 eidem
930 3075 1179 3139 commentatori
1199 3074 1410 3141 attribuenda

264 3192 341 3247 sunt
363 3202 446 3267 quae
466 3179 605 3265 epoetis
629 3177 788 3243 scaenicis
803 3199 960 3264 persaepe
983 3175 1221 3240 adsciscuntur.
1252 3178 1408 3241 minorem

264 3305 342 3347 uero
365 3291 491 3368 partem
514 3279 657 3344 Nonium
678 3281 787 3366 ipsum
810 3279 952 3343 arbitror
980 3275 1159 3343 addidisse.
1198 3300 1339 3365 namque
1355 3281 1408 3364 qui

265 3383 396 3449 ordines
420 3382 494 3447 illos
516 3403 597 3467 quos
621 3402 721 3466 supra
736 3403 779 3445 ex
794 3379 896 3444 altero
919 3380 1152 3445 commentario
1175 3403 1326 3446 manasse
1341 3381 1409 3447 dixi

267 3485 549 3572 Amphitruonem,
572 3483 771 3565 Asinariam,
796 3480 1001 3546 Aululariam
1023 3481 1204 3569 complexo,
1228 3486 1408 3549 accuratius

266 3583 458 3673 inspexerit,
480 3586 507 3648 is
530 3583 630 3650 facile
653 3585 844 3651 obseruabit
859 3587 894 3650 in
909 3586 955 3650 eis
976 3607 1142 3671 perpauca
1163 3584 1314 3671 exempla
1336 3586 1408 3650 sub·

267 3690 378 3753 seciua
400 3709 472 3780 esse
494 3687 606 3755 affixa.
650 3687 736 3774 quod
759 3687 893 3773 quidem
914 3687 1077 3774 quomodo
1099 3685 1229 3750 facilius
1252 3687 1410 3772 explicari

265 3789 369 3878 possit
402 3812 498 3876 quam
529 3791 578 3854 ita
608 3799 645 3854 ut
672 3788 755 3854 alter
786 3787 842 3854 ille
878 3797 1114 3855 commentator
1144 3787 1410 3854 adnotationibus

266 3889 416 3979 exempla
432 3891 541 3956 sinon
556 3889 646 3955 nulla
666 3900 774 3957 tamen
797 3891 996 3979 paucissima
1018 3888 1193 3968 addiderit,
1218 3913 1269 3954 me
1284 3891 1410 3956 nescire

266 3996 429 4060 confiteor.
452 3993 517 4057 iam
530 3992 629 4074 igitur
641 3993 668 4057 si
682 3993 711 4057 N
714 3994 817 4074 onius,
834 3994 928 4058 homo
942 3995 1028 4058 inter
1039 4015 1150 4058 omnes
1169 3991 1410 4076 hebetissimus,

266 4099 299 4163 in
327 4097 378 4162 his
407 4095 538 4183 quidem
571 4095 740 4162 ordinibus
775 4093 925 4182 exempla
954 4096 1024 4181 ipse
1053 4095 1162 4162 attulit
1185 4118 1288 4181 paene
1311 4095 1409 4168 nulla,

267 4198 413 4284 profecto
437 4198 532 4265 facile
556 4196 744 4283 colligemus
767 4197 904 4262 eundem
926 4197 1067 4263 Nonium
1092 4220 1132 4261 ne
1154 4197 1189 4260 in
1211 4197 1321 4262 alteris
1342 4200 1410 4284 qui·

268 4299 343 4364 dem
370 4299 540 4366 ordinibus
568 4323 649 4387 quos
679 4299 836 4385 excripsit
864 4321 882 4363 e
910 4299 1054 4386 pleniore
1080 4299 1221 4386 quodam
1250 4323 1409 4365 commen-

268 4400 350 4465 tario
374 4423 412 4465 ac
434 4402 637 4488 perfectiore,
661 4398 892 4488 exemplatam
908 4399 1011 4466 multa
1032 4402 1135 4467 fuisse
1157 4401 1332 4467 allaturum
1348 4402 1410 4466 nisi

269 4524 420 4588 magnam
450 4515 574 4589 partem
606 4506 639 4569 in
667 4505 739 4592 ipso
767 4503 858 4598 fonte
887 4505 950 4567 iam
979 4504 1171 4570 inuenisset.
1216 4527 1410 4592 quamquam

851 4601 868 4633 v.
