<?xml version="1.0" encoding="UTF-8"?>
<!DOCTYPE html PUBLIC "-//W3C//DTD XHTML 1.0 Transitional//EN"
    "http://www.w3.org/TR/xhtml1/DTD/xhtml1-transitional.dtd">
<html xmlns="http://www.w3.org/1999/xhtml" xml:lang="en" lang="en">
 <head>
  <title>
</title>
<meta http-equiv="Content-Type" content="text/html;charset=utf-8" />
  <meta name='ocr-system' content='tesseract 3.04.00' />
  <meta name='ocr-capabilities' content='ocr_page ocr_carea ocr_par ocr_line ocrx_word'/>
</head>
<body>
  <div class='ocr_page' id='page_1' title='image "./denoniimarcelli01schmgoog_0108.png"; bbox 0 0 3160 5126; ppageno 0'>
   <div class='ocr_carea' id='block_1_1' title="bbox 659 377 870 443">
    <p class='ocr_par' dir='ltr' id='par_1_1' title="bbox 659 377 870 443">
     <span class='ocr_line' id='line_1_1' title="bbox 659 377 870 443; baseline 0.009 -21"><span class='ocrx_word' id='word_1_1' title='bbox 659 377 870 443; x_wconf 64' lang='grc'>...93-</span> 
     </span>
    </p>
   </div>
   <div class='ocr_carea' id='block_1_2' title="bbox 192 546 1341 1555">
    <p class='ocr_par' dir='ltr' id='par_1_2' title="bbox 192 546 1341 1555">
     <span class='ocr_line' id='line_1_2' title="bbox 197 546 1341 638; baseline 0 -19"><span class='ocrx_word' id='word_1_2' title='bbox 197 555 237 620; x_wconf 91' lang='lat' dir='ltr'>de</span> <span class='ocrx_word' id='word_1_3' title='bbox 259 551 482 638; x_wconf 81' lang='lat' dir='ltr'>singularibus</span> <span class='ocrx_word' id='word_1_4' title='bbox 506 548 593 636; x_wconf 90' lang='lat' dir='ltr'>apud</span> <span class='ocrx_word' id='word_1_5' title='bbox 617 546 807 612; x_wconf 85' lang='lat' dir='ltr'><strong>Ciceronem</strong></span> <span class='ocrx_word' id='word_1_6' title='bbox 830 549 944 634; x_wconf 88' lang='lat' dir='ltr'>positis</span> <span class='ocrx_word' id='word_1_7' title='bbox 969 550 1138 636; x_wconf 78' lang='lat' dir='ltr'>scripsisse</span> <span class='ocrx_word' id='word_1_8' title='bbox 1158 561 1270 618; x_wconf 90' lang='lat' dir='ltr'>notum</span> <span class='ocrx_word' id='word_1_9' title='bbox 1292 564 1341 620; x_wconf 88' lang='lat' dir='ltr'>est</span> 
     </span>
     <span class='ocr_line' id='line_1_3' title="bbox 196 648 1340 742; baseline -0.001 -23"><span class='ocrx_word' id='word_1_10' title='bbox 196 657 254 742; x_wconf 86' lang='lat' dir='ltr'>(ef.</span> <span class='ocrx_word' id='word_1_11' title='bbox 279 656 448 738; x_wconf 84' lang='lat' dir='ltr'>Suringar.</span> <span class='ocrx_word' id='word_1_12' title='bbox 473 652 494 716; x_wconf 95' lang='lat' dir='ltr'>l.</span> <span class='ocrx_word' id='word_1_13' title='bbox 518 650 539 714; x_wconf 94' lang='lat' dir='ltr'>l.</span> <span class='ocrx_word' id='word_1_14' title='bbox 562 673 594 737; x_wconf 88' lang='lat' dir='ltr'>p.</span> <span class='ocrx_word' id='word_1_15' title='bbox 618 648 706 734; x_wconf 84' lang='grc'><strong>201).</strong></span> <span class='ocrx_word' id='word_1_16' title='bbox 751 648 898 715; x_wconf 86' lang='lat' dir='ltr'>adducor</span> <span class='ocrx_word' id='word_1_17' title='bbox 925 660 1032 716; x_wconf 83' lang='lat' dir='ltr'>autem</span> <span class='ocrx_word' id='word_1_18' title='bbox 1061 652 1104 716; x_wconf 86' lang='lat' dir='ltr'>ad</span> <span class='ocrx_word' id='word_1_19' title='bbox 1132 653 1215 717; x_wconf 87' lang='lat' dir='ltr'>hano</span> <span class='ocrx_word' id='word_1_20' title='bbox 1238 657 1340 741; x_wconf 86' lang='lat' dir='ltr'>suspi-</span> 
     </span>
     <span class='ocr_line' id='line_1_4' title="bbox 196 749 1340 843; baseline -0.002 -20"><span class='ocrx_word' id='word_1_21' title='bbox 196 760 322 822; x_wconf 85' lang='lat' dir='ltr'>cionem</span> <span class='ocrx_word' id='word_1_22' title='bbox 345 755 519 843; x_wconf 82' lang='lat' dir='ltr'>praecipue</span> <span class='ocrx_word' id='word_1_23' title='bbox 541 774 578 816; x_wconf 86' lang='lat' dir='ltr'>eo</span> <span class='ocrx_word' id='word_1_24' title='bbox 600 749 688 837; x_wconf 88' lang='lat' dir='ltr'>quod</span> <span class='ocrx_word' id='word_1_25' title='bbox 711 749 809 815; x_wconf 85' lang='lat' dir='ltr'>habet</span> <span class='ocrx_word' id='word_1_26' title='bbox 831 774 897 838; x_wconf 92' lang='lat' dir='ltr'>quo</span> <span class='ocrx_word' id='word_1_27' title='bbox 911 774 945 816; x_wconf 90' lang='lat' dir='ltr'>se</span> <span class='ocrx_word' id='word_1_28' title='bbox 961 755 1165 820; x_wconf 85' lang='lat' dir='ltr'>commendet</span> <span class='ocrx_word' id='word_1_29' title='bbox 1183 756 1340 821; x_wconf 85' lang='lat' dir='ltr'>Graefen-</span> 
     </span>
     <span class='ocr_line' id='line_1_5' title="bbox 193 851 1339 944; baseline -0.001 -22"><span class='ocrx_word' id='word_1_30' title='bbox 193 859 269 924; x_wconf 90' lang='lat' dir='ltr'>hani</span> <span class='ocrx_word' id='word_1_31' title='bbox 305 858 492 923; x_wconf 86' lang='lat' dir='ltr'>coniectura</span> <span class='ocrx_word' id='word_1_32' title='bbox 528 853 617 939; x_wconf 91' lang='lat' dir='ltr'>(hist.</span> <span class='ocrx_word' id='word_1_33' title='bbox 650 851 762 938; x_wconf 92' lang='lat' dir='ltr'>philol.</span> <span class='ocrx_word' id='word_1_34' title='bbox 798 875 850 940; x_wconf 85' lang='lat' dir='ltr'>ap.</span> <span class='ocrx_word' id='word_1_35' title='bbox 883 865 947 919; x_wconf 86' lang='lat' dir='ltr'>uet.</span> <span class='ocrx_word' id='word_1_36' title='bbox 970 855 1021 920; x_wconf 94' lang='lat' dir='ltr'>IV</span> <span class='ocrx_word' id='word_1_37' title='bbox 1048 879 1077 942; x_wconf 90' lang='lat' dir='ltr'>p.</span> <span class='ocrx_word' id='word_1_38' title='bbox 1107 857 1186 944; x_wconf 79' lang='lat'>234)</span> <span class='ocrx_word' id='word_1_39' title='bbox 1219 857 1339 923; x_wconf 90' lang='lat' dir='ltr'>librum</span> 
     </span>
     <span class='ocr_line' id='line_1_6' title="bbox 193 953 1340 1042; baseline -0.003 -14"><span class='ocrx_word' id='word_1_40' title='bbox 193 961 317 1028; x_wconf 79' lang='lat' dir='ltr'>Statilii</span> <span class='ocrx_word' id='word_1_41' title='bbox 340 983 381 1024; x_wconf 85' lang='lat' dir='ltr'>ex</span> <span class='ocrx_word' id='word_1_42' title='bbox 404 959 501 1023; x_wconf 83' lang='lat' dir='ltr'>lexiei</span> <span class='ocrx_word' id='word_1_43' title='bbox 524 953 706 1020; x_wconf 87' lang='lat' dir='ltr'>rationibus</span> <span class='ocrx_word' id='word_1_44' title='bbox 728 955 943 1042; x_wconf 85' lang='lat' dir='ltr'>compositum</span> <span class='ocrx_word' id='word_1_45' title='bbox 967 973 1070 1038; x_wconf 65' lang='lat' dir='ltr'>fuisse</span> <span class='ocrx_word' id='word_1_46' title='bbox 1092 968 1129 1024; x_wconf 91' lang='lat' dir='ltr'>ut</span> <span class='ocrx_word' id='word_1_47' title='bbox 1151 960 1340 1025; x_wconf 84' lang='lat' dir='ltr'>uerisimile</span> 
     </span>
     <span class='ocr_line' id='line_1_7' title="bbox 193 1055 1338 1144; baseline 0 -18"><span class='ocrx_word' id='word_1_48' title='bbox 193 1065 236 1129; x_wconf 88' lang='lat' dir='ltr'>sit</span> <span class='ocrx_word' id='word_1_49' title='bbox 259 1062 428 1128; x_wconf 83' lang='lat' dir='ltr'>Ciceronis</span> <span class='ocrx_word' id='word_1_50' title='bbox 452 1057 661 1144; x_wconf 68' lang='lat' dir='ltr'>singulariter</span> <span class='ocrx_word' id='word_1_51' title='bbox 682 1055 771 1122; x_wconf 86' lang='lat' dir='ltr'>dieta</span> <span class='ocrx_word' id='word_1_52' title='bbox 794 1077 866 1130; x_wconf 84' lang='lat' dir='ltr'>eum</span> <span class='ocrx_word' id='word_1_53' title='bbox 889 1056 988 1123; x_wconf 85' lang='lat' dir='ltr'>simili</span> <span class='ocrx_word' id='word_1_54' title='bbox 1016 1060 1113 1125; x_wconf 90' lang='lat' dir='ltr'>modo</span> <span class='ocrx_word' id='word_1_55' title='bbox 1135 1083 1174 1125; x_wconf 88' lang='lat' dir='ltr'>ae</span> <span class='ocrx_word' id='word_1_56' title='bbox 1196 1061 1338 1127; x_wconf 88' lang='lat' dir='ltr'>Nonium</span> 
     </span>
     <span class='ocr_line' id='line_1_8' title="bbox 196 1157 1338 1252; baseline 0 -24"><span class='ocrx_word' id='word_1_57' title='bbox 196 1187 254 1252; x_wconf 90' lang='lat' dir='ltr'>per</span> <span class='ocrx_word' id='word_1_58' title='bbox 276 1162 406 1247; x_wconf 86' lang='lat' dir='ltr'>singula</span> <span class='ocrx_word' id='word_1_59' title='bbox 427 1161 537 1247; x_wconf 82' lang='lat' dir='ltr'>capita</span> <span class='ocrx_word' id='word_1_60' title='bbox 560 1157 745 1244; x_wconf 86' lang='lat' dir='ltr'>digessisse.</span> <span class='ocrx_word' id='word_1_61' title='bbox 790 1157 855 1224; x_wconf 89' lang='lat' dir='ltr'>duo</span> <span class='ocrx_word' id='word_1_62' title='bbox 878 1159 1009 1244; x_wconf 91' lang='lat' dir='ltr'>quidem</span> <span class='ocrx_word' id='word_1_63' title='bbox 1031 1162 1134 1226; x_wconf 87' lang='lat' dir='ltr'>uerba</span> <span class='ocrx_word' id='word_1_64' title='bbox 1156 1173 1188 1228; x_wconf 88' lang='lat' dir='ltr'>et</span> <span class='ocrx_word' id='word_1_65' title='bbox 1211 1163 1252 1228; x_wconf 87' lang='lat' dir='ltr'>ab</span> <span class='ocrx_word' id='word_1_66' title='bbox 1269 1163 1338 1228; x_wconf 84' lang='lat' dir='ltr'>Sta-</span> 
     </span>
     <span class='ocr_line' id='line_1_9' title="bbox 195 1261 1338 1343; baseline -0.003 -11"><span class='ocrx_word' id='word_1_67' title='bbox 195 1267 265 1332; x_wconf 81' lang='lat' dir='ltr'>tilio</span> <span class='ocrx_word' id='word_1_68' title='bbox 295 1275 327 1330; x_wconf 89' lang='lat' dir='ltr'>et</span> <span class='ocrx_word' id='word_1_69' title='bbox 354 1263 396 1328; x_wconf 87' lang='lat' dir='ltr'>ab</span> <span class='ocrx_word' id='word_1_70' title='bbox 424 1262 532 1327; x_wconf 85' lang='lat' dir='ltr'>Nonio</span> <span class='ocrx_word' id='word_1_71' title='bbox 559 1269 759 1343; x_wconf 80' lang='lat' dir='ltr'>tractantur,</span> <span class='ocrx_word' id='word_1_72' title='bbox 789 1261 831 1324; x_wconf 90' lang='lat' dir='ltr'>ab</span> <span class='ocrx_word' id='word_1_73' title='bbox 860 1261 921 1323; x_wconf 89' lang='lat' dir='ltr'>hoe</span> <span class='ocrx_word' id='word_1_74' title='bbox 948 1271 1057 1326; x_wconf 86' lang='lat' dir='ltr'>tamen</span> <span class='ocrx_word' id='word_1_75' title='bbox 1079 1285 1145 1328; x_wconf 88' lang='lat' dir='ltr'>non</span> <span class='ocrx_word' id='word_1_76' title='bbox 1167 1266 1202 1328; x_wconf 93' lang='lat' dir='ltr'>in</span> <span class='ocrx_word' id='word_1_77' title='bbox 1224 1265 1338 1330; x_wconf 87' lang='lat' dir='ltr'>ordine</span> 
     </span>
     <span class='ocr_line' id='line_1_10' title="bbox 193 1360 1337 1447; baseline -0.003 -15"><span class='ocrx_word' id='word_1_78' title='bbox 193 1367 419 1447; x_wconf 66' lang='lat' dir='ltr'>(licaoniam,</span> <span class='ocrx_word' id='word_1_79' title='bbox 449 1385 554 1447; x_wconf 90' lang='lat' dir='ltr'>neque</span> <span class='ocrx_word' id='word_1_80' title='bbox 579 1362 658 1426; x_wconf 87' lang='lat' dir='ltr'>satis</span> <span class='ocrx_word' id='word_1_81' title='bbox 688 1360 823 1426; x_wconf 86' lang='lat' dir='ltr'>alterius</span> <span class='ocrx_word' id='word_1_82' title='bbox 846 1363 1009 1447; x_wconf 81' lang='lat' dir='ltr'>expositio</span> <span class='ocrx_word' id='word_1_83' title='bbox 1037 1386 1111 1428; x_wconf 88' lang='lat' dir='ltr'>eum</span> <span class='ocrx_word' id='word_1_84' title='bbox 1139 1365 1242 1430; x_wconf 88' lang='lat' dir='ltr'>altero</span> <span class='ocrx_word' id='word_1_85' title='bbox 1265 1389 1337 1432; x_wconf 88' lang='lat' dir='ltr'>oon-</span> 
     </span>
     <span class='ocr_line' id='line_1_11' title="bbox 192 1463 1336 1555; baseline -0.001 -22"><span class='ocrx_word' id='word_1_86' title='bbox 192 1469 290 1555; x_wconf 80' lang='lat' dir='ltr'>gruit,</span> <span class='ocrx_word' id='word_1_87' title='bbox 313 1490 378 1554; x_wconf 91' lang='lat' dir='ltr'>qua</span> <span class='ocrx_word' id='word_1_88' title='bbox 399 1489 434 1531; x_wconf 85' lang='lat' dir='ltr'>re</span> <span class='ocrx_word' id='word_1_89' title='bbox 457 1487 498 1530; x_wconf 90' lang='lat' dir='ltr'>ne</span> <span class='ocrx_word' id='word_1_90' title='bbox 520 1465 573 1530; x_wconf 88' lang='lat' dir='ltr'>hie</span> <span class='ocrx_word' id='word_1_91' title='bbox 597 1463 726 1550; x_wconf 88' lang='lat' dir='ltr'>quidem</span> <span class='ocrx_word' id='word_1_92' title='bbox 750 1464 831 1528; x_wconf 85' lang='lat' dir='ltr'>certi</span> <span class='ocrx_word' id='word_1_93' title='bbox 854 1463 1032 1550; x_wconf 83' lang='lat' dir='ltr'>quidquam</span> <span class='ocrx_word' id='word_1_94' title='bbox 1054 1465 1158 1533; x_wconf 82' lang='lat' dir='ltr'>audeo</span> <span class='ocrx_word' id='word_1_95' title='bbox 1182 1478 1336 1532; x_wconf 87' lang='lat' dir='ltr'>statuere.</span> 
     </span>
    </p>
   </div>
   <div class='ocr_carea' id='block_1_3' title="bbox 192 1638 1337 2333">
    <p class='ocr_par' dir='ltr' id='par_1_3' title="bbox 193 1638 1337 1928">
     <span class='ocr_line' id='line_1_12' title="bbox 193 1638 1337 1725; baseline 0.001 -23"><span class='ocrx_word' id='word_1_96' title='bbox 193 1639 319 1702; x_wconf 81' lang='lat' dir='ltr'>Charis.</span> <span class='ocrx_word' id='word_1_97' title='bbox 342 1661 373 1725; x_wconf 76' lang='lat' dir='ltr'>p,</span> <span class='ocrx_word' id='word_1_98' title='bbox 398 1638 475 1701; x_wconf 75' lang='lat'>217:</span> <span class='ocrx_word' id='word_1_99' title='bbox 510 1647 651 1700; x_wconf 81' lang='lat' dir='ltr'>rarenter</span> <span class='ocrx_word' id='word_1_100' title='bbox 680 1639 761 1716; x_wconf 77' lang='lat' dir='ltr'>Cato,</span> <span class='ocrx_word' id='word_1_101' title='bbox 796 1646 827 1696; x_wconf 88' lang='lat' dir='ltr'>at</span> <span class='ocrx_word' id='word_1_102' title='bbox 856 1639 934 1697; x_wconf 81' lang='lat' dir='ltr'>r‘dem</span> <span class='ocrx_word' id='word_1_103' title='bbox 967 1639 1122 1700; x_wconf 80' lang='lat' dir='ltr'>Maximus</span> <span class='ocrx_word' id='word_1_104' title='bbox 1152 1650 1252 1722; x_wconf 82' lang='lat' dir='ltr'>notat,</span> <span class='ocrx_word' id='word_1_105' title='bbox 1278 1661 1337 1718; x_wconf 80' lang='lat' dir='ltr'>pro</span> 
     </span>
     <span class='ocr_line' id='line_1_13' title="bbox 318 1734 1334 1824; baseline 0.001 -21"><span class='ocrx_word' id='word_1_106' title='bbox 318 1759 401 1804; x_wconf 92' lang='lat' dir='ltr'>raro.</span> <span class='ocrx_word' id='word_1_107' title='bbox 446 1739 488 1802; x_wconf 87' lang='lat' dir='ltr'>of.</span> <span class='ocrx_word' id='word_1_108' title='bbox 511 1738 595 1801; x_wconf 90' lang='lat' dir='ltr'>Non.</span> <span class='ocrx_word' id='word_1_109' title='bbox 619 1759 651 1824; x_wconf 91' lang='lat' dir='ltr'>p.</span> <span class='ocrx_word' id='word_1_110' title='bbox 674 1734 748 1818; x_wconf 80' lang='lat'>515,</span> <span class='ocrx_word' id='word_1_111' title='bbox 772 1736 827 1800; x_wconf 80' lang='lat'>23:</span> <span class='ocrx_word' id='word_1_112' title='bbox 859 1749 1008 1800; x_wconf 81' lang='lat' dir='ltr'>rarenter.</span> <span class='ocrx_word' id='word_1_113' title='bbox 1054 1743 1200 1805; x_wconf 73' lang='lat' dir='ltr'>Caecilius</span> <span class='ocrx_word' id='word_1_114' title='bbox 1222 1747 1334 1804; x_wconf 74' lang='lat' dir='ltr'>Pausi-</span> 
     </span>
     <span class='ocr_line' id='line_1_14' title="bbox 317 1843 1335 1928; baseline 0 -23"><span class='ocrx_word' id='word_1_115' title='bbox 317 1846 438 1906; x_wconf 79' lang='lat' dir='ltr'>maatro:</span> <span class='ocrx_word' id='word_1_116' title='bbox 461 1845 585 1920; x_wconf 76' lang='lat' dir='ltr'>‘edepol</span> <span class='ocrx_word' id='word_1_117' title='bbox 606 1845 745 1903; x_wconf 85' lang='lat' dir='ltr'>noluntas</span> <span class='ocrx_word' id='word_1_118' title='bbox 767 1843 880 1910; x_wconf 77' lang='lat' dir='ltr'>horntnr&#39;</span> <span class='ocrx_word' id='word_1_119' title='bbox 900 1853 1039 1904; x_wconf 79' lang='lat' dir='ltr'>rarenter</span> <span class='ocrx_word' id='word_1_120' title='bbox 1054 1848 1166 1905; x_wconf 86' lang='lat' dir='ltr'>nenr&#39;t.’</span> <span class='ocrx_word' id='word_1_121' title='bbox 1204 1863 1231 1906; x_wconf 88' lang='lat' dir='ltr'>e.</span> <span class='ocrx_word' id='word_1_122' title='bbox 1255 1867 1285 1928; x_wconf 90' lang='lat' dir='ltr'>q.</span> <span class='ocrx_word' id='word_1_123' title='bbox 1309 1865 1335 1906; x_wconf 91' lang='lat' dir='ltr'>s.</span> 
     </span>
    </p>

    <p class='ocr_par' dir='ltr' id='par_1_4' title="bbox 363 1941 631 2028">
     <span class='ocr_line' id='line_1_15' title="bbox 363 1941 631 2028; baseline -0.007 -22"><span class='ocrx_word' id='word_1_124' title='bbox 363 1943 404 2008; x_wconf 86' lang='lat' dir='ltr'>of.</span> <span class='ocrx_word' id='word_1_125' title='bbox 427 1965 460 2028; x_wconf 91' lang='lat' dir='ltr'>p.</span> <span class='ocrx_word' id='word_1_126' title='bbox 486 1941 556 2025; x_wconf 80' lang='grc'><strong>164,</strong></span> <span class='ocrx_word' id='word_1_127' title='bbox 580 1941 631 2006; x_wconf 78' lang='grc'>25.</span> 
     </span>
    </p>

    <p class='ocr_par' dir='ltr' id='par_1_5' title="bbox 192 2035 1336 2333">
     <span class='ocr_line' id='line_1_16' title="bbox 192 2035 1334 2131; baseline 0.004 -23"><span class='ocrx_word' id='word_1_128' title='bbox 192 2045 316 2109; x_wconf 83' lang='lat' dir='ltr'>Charis.</span> <span class='ocrx_word' id='word_1_129' title='bbox 340 2067 372 2131; x_wconf 88' lang='lat' dir='ltr'>p.</span> <span class='ocrx_word' id='word_1_130' title='bbox 395 2045 473 2108; x_wconf 80' lang='lat'>214:</span> <span class='ocrx_word' id='word_1_131' title='bbox 501 2050 620 2123; x_wconf 75' lang='lat' dir='ltr'>pariter</span> <span class='ocrx_word' id='word_1_132' title='bbox 636 2064 696 2122; x_wconf 77' lang='lat' dir='ltr'>pro</span> <span class='ocrx_word' id='word_1_133' title='bbox 715 2035 857 2124; x_wconf 76' lang='lat' dir='ltr'>pariliter</span> <span class='ocrx_word' id='word_1_134' title='bbox 879 2049 993 2127; x_wconf 76' lang='lat' dir='ltr'>Cicero,</span> <span class='ocrx_word' id='word_1_135' title='bbox 1017 2057 1049 2108; x_wconf 85' lang='lat' dir='ltr'>at</span> <span class='ocrx_word' id='word_1_136' title='bbox 1071 2050 1225 2110; x_wconf 73' lang='lat' dir='ltr'>Marianas</span> <span class='ocrx_word' id='word_1_137' title='bbox 1245 2062 1334 2112; x_wconf 86' lang='lat' dir='ltr'>notat.</span> 
     </span>
     <span class='ocr_line' id='line_1_17' title="bbox 317 2143 1336 2232; baseline 0.002 -22"><span class='ocrx_word' id='word_1_138' title='bbox 317 2170 344 2211; x_wconf 93' lang='lat' dir='ltr'>e.</span> <span class='ocrx_word' id='word_1_139' title='bbox 361 2169 390 2232; x_wconf 90' lang='lat' dir='ltr'>q.</span> <span class='ocrx_word' id='word_1_140' title='bbox 408 2169 434 2210; x_wconf 87' lang='lat' dir='ltr'>s.</span> <span class='ocrx_word' id='word_1_141' title='bbox 471 2145 513 2210; x_wconf 87' lang='lat' dir='ltr'>ef.</span> <span class='ocrx_word' id='word_1_142' title='bbox 536 2143 622 2210; x_wconf 89' lang='lat' dir='ltr'>Non.</span> <span class='ocrx_word' id='word_1_143' title='bbox 645 2168 675 2231; x_wconf 90' lang='lat' dir='ltr'>p.</span> <span class='ocrx_word' id='word_1_144' title='bbox 700 2146 771 2226; x_wconf 78' lang='lat'>374,</span> <span class='ocrx_word' id='word_1_145' title='bbox 795 2147 852 2210; x_wconf 88' lang='lat'>31:</span> <span class='ocrx_word' id='word_1_146' title='bbox 871 2153 993 2226; x_wconf 59' lang='lat' dir='ltr'>pariter</span> <span class='ocrx_word' id='word_1_147' title='bbox 1014 2169 1054 2211; x_wconf 78' lang='lat' dir='ltr'>aa·</span> <span class='ocrx_word' id='word_1_148' title='bbox 1077 2170 1181 2226; x_wconf 78' lang='lat' dir='ltr'>aeque.</span> <span class='ocrx_word' id='word_1_149' title='bbox 1224 2154 1336 2213; x_wconf 75' lang='lat' dir='ltr'>lt&#39;oar&#39;as</span> 
     </span>
     <span class='ocr_line' id='line_1_18' title="bbox 318 2255 614 2333; baseline -0.003 -22"><span class='ocrx_word' id='word_1_150' title='bbox 318 2255 450 2314; x_wconf 81' lang='lat' dir='ltr'>Decuma</span> <span class='ocrx_word' id='word_1_151' title='bbox 482 2271 509 2312; x_wconf 90' lang='lat' dir='ltr'>e.</span> <span class='ocrx_word' id='word_1_152' title='bbox 534 2270 565 2333; x_wconf 91' lang='lat' dir='ltr'>q.</span> <span class='ocrx_word' id='word_1_153' title='bbox 589 2270 614 2310; x_wconf 90' lang='lat' dir='ltr'>s.</span> 
     </span>
    </p>
   </div>
   <div class='ocr_carea' id='block_1_4' title="bbox 186 2415 1412 3315">
    <p class='ocr_par' dir='ltr' id='par_1_6' title="bbox 186 2415 1412 3315">
     <span class='ocr_line' id='line_1_19' title="bbox 279 2415 1412 2508; baseline 0.002 -26"><span class='ocrx_word' id='word_1_154' title='bbox 279 2417 392 2505; x_wconf 90' lang='lat' dir='ltr'>Neque</span> <span class='ocrx_word' id='word_1_155' title='bbox 415 2418 456 2482; x_wconf 90' lang='lat' dir='ltr'>de</span> <span class='ocrx_word' id='word_1_156' title='bbox 472 2415 586 2482; x_wconf 86' lang='lat' dir='ltr'>Flauio</span> <span class='ocrx_word' id='word_1_157' title='bbox 602 2417 710 2504; x_wconf 79' lang='lat' dir='ltr'>Capro</span> <span class='ocrx_word' id='word_1_158' title='bbox 727 2416 865 2481; x_wconf 83' lang='lat' dir='ltr'>decerno</span> <span class='ocrx_word' id='word_1_159' title='bbox 888 2419 928 2482; x_wconf 88' lang='lat' dir='ltr'>ad</span> <span class='ocrx_word' id='word_1_160' title='bbox 952 2442 1046 2506; x_wconf 90' lang='lat' dir='ltr'>quem</span> <span class='ocrx_word' id='word_1_161' title='bbox 1069 2443 1169 2506; x_wconf 90' lang='lat' dir='ltr'>supra</span> <span class='ocrx_word' id='word_1_162' title='bbox 1190 2421 1333 2508; x_wconf 83' lang='lat' dir='ltr'>explicui</span> <span class='ocrx_word' id='word_1_163' title='bbox 1409 2459 1412 2464; x_wconf 22' lang='grc' dir='ltr'><strong><em>Δ</em></strong></span> 
     </span>
     <span class='ocr_line' id='line_1_20' title="bbox 189 2519 1333 2606; baseline 0.003 -21"><span class='ocrx_word' id='word_1_164' title='bbox 189 2521 339 2587; x_wconf 88' lang='lat' dir='ltr'>Noniana</span> <span class='ocrx_word' id='word_1_165' title='bbox 362 2520 485 2606; x_wconf 82' lang='lat' dir='ltr'>aliquot</span> <span class='ocrx_word' id='word_1_166' title='bbox 507 2519 624 2584; x_wconf 82' lang='lat' dir='ltr'>referri</span> <span class='ocrx_word' id='word_1_167' title='bbox 646 2539 748 2604; x_wconf 87' lang='lat' dir='ltr'>posse.</span> <span class='ocrx_word' id='word_1_168' title='bbox 773 2519 890 2584; x_wconf 89' lang='lat' dir='ltr'>Asinio</span> <span class='ocrx_word' id='word_1_169' title='bbox 907 2531 1016 2586; x_wconf 87' lang='lat' dir='ltr'>autem</span> <span class='ocrx_word' id='word_1_170' title='bbox 1033 2521 1174 2592; x_wconf 87' lang='lat' dir='ltr'>Pollioni</span> <span class='ocrx_word' id='word_1_171' title='bbox 1194 2523 1333 2588; x_wconf 84' lang='lat' dir='ltr'>fortasse</span> 
     </span>
     <span class='ocr_line' id='line_1_21' title="bbox 189 2620 1332 2710; baseline 0.002 -24"><span class='ocrx_word' id='word_1_172' title='bbox 189 2622 328 2690; x_wconf 88' lang='lat' dir='ltr'>eonieies</span> <span class='ocrx_word' id='word_1_173' title='bbox 350 2620 506 2686; x_wconf 87' lang='lat' dir='ltr'>nonnulla</span> <span class='ocrx_word' id='word_1_174' title='bbox 534 2621 677 2685; x_wconf 90' lang='lat' dir='ltr'>Nonium</span> <span class='ocrx_word' id='word_1_175' title='bbox 705 2621 858 2684; x_wconf 87' lang='lat' dir='ltr'>debuisse</span> <span class='ocrx_word' id='word_1_176' title='bbox 881 2622 1002 2710; x_wconf 84' lang='lat' dir='ltr'>quippe</span> <span class='ocrx_word' id='word_1_177' title='bbox 1029 2627 1140 2710; x_wconf 90' lang='lat' dir='ltr'>quiin</span> <span class='ocrx_word' id='word_1_178' title='bbox 1164 2625 1332 2690; x_wconf 77' lang='lat' dir='ltr'>Ciceronis</span> 
     </span>
     <span class='ocr_line' id='line_1_22' title="bbox 188 2721 1331 2812; baseline -0.001 -23"><span class='ocrx_word' id='word_1_179' title='bbox 188 2747 315 2812; x_wconf 90' lang='lat' dir='ltr'>quoque</span> <span class='ocrx_word' id='word_1_180' title='bbox 330 2724 469 2809; x_wconf 85' lang='lat' dir='ltr'>seriptis</span> <span class='ocrx_word' id='word_1_181' title='bbox 492 2744 624 2809; x_wconf 86' lang='lat' dir='ltr'>operam</span> <span class='ocrx_word' id='word_1_182' title='bbox 654 2721 823 2788; x_wconf 80' lang='lat' dir='ltr'>collocarit</span> <span class='ocrx_word' id='word_1_183' title='bbox 849 2733 947 2810; x_wconf 87' lang='lat' dir='ltr'>atque</span> <span class='ocrx_word' id='word_1_184' title='bbox 969 2727 1016 2790; x_wconf 84' lang='lat' dir='ltr'>ita</span> <span class='ocrx_word' id='word_1_185' title='bbox 1037 2735 1073 2789; x_wconf 90' lang='lat' dir='ltr'>ut</span> <span class='ocrx_word' id='word_1_186' title='bbox 1101 2728 1331 2810; x_wconf 79' lang='lat' dir='ltr'>grammaticas</span> 
     </span>
     <span class='ocr_line' id='line_1_23' title="bbox 188 2825 1332 2914; baseline 0.001 -24"><span class='ocrx_word' id='word_1_187' title='bbox 188 2828 373 2891; x_wconf 88' lang='lat' dir='ltr'>institueret</span> <span class='ocrx_word' id='word_1_188' title='bbox 394 2826 602 2910; x_wconf 87' lang='lat' dir='ltr'>quaestiones</span> <span class='ocrx_word' id='word_1_189' title='bbox 624 2825 816 2911; x_wconf 82' lang='lat' dir='ltr'>singulaque</span> <span class='ocrx_word' id='word_1_190' title='bbox 839 2827 942 2891; x_wconf 87' lang='lat' dir='ltr'>uerba</span> <span class='ocrx_word' id='word_1_191' title='bbox 963 2849 1138 2914; x_wconf 88' lang='lat' dir='ltr'>eorumque</span> <span class='ocrx_word' id='word_1_192' title='bbox 1160 2829 1282 2893; x_wconf 87' lang='lat' dir='ltr'>formas</span> <span class='ocrx_word' id='word_1_193' title='bbox 1299 2830 1332 2892; x_wconf 90' lang='lat' dir='ltr'>iu</span> 
     </span>
     <span class='ocr_line' id='line_1_24' title="bbox 188 2927 1332 3012; baseline 0.001 -20"><span class='ocrx_word' id='word_1_194' title='bbox 188 2951 325 2993; x_wconf 86' lang='lat' dir='ltr'>examen</span> <span class='ocrx_word' id='word_1_195' title='bbox 359 2937 501 2992; x_wconf 81' lang='lat' dir='ltr'>uocaret.</span> <span class='ocrx_word' id='word_1_196' title='bbox 548 2927 605 2990; x_wconf 91' lang='lat' dir='ltr'>sed</span> <span class='ocrx_word' id='word_1_197' title='bbox 633 2928 709 3012; x_wconf 89' lang='lat' dir='ltr'>quia</span> <span class='ocrx_word' id='word_1_198' title='bbox 737 2931 830 2990; x_wconf 84' lang='lat' dir='ltr'>exilia</span> <span class='ocrx_word' id='word_1_199' title='bbox 863 2929 933 2991; x_wconf 91' lang='lat' dir='ltr'>eius</span> <span class='ocrx_word' id='word_1_200' title='bbox 965 2928 1150 3012; x_wconf 85' lang='lat' dir='ltr'>fragmenta</span> <span class='ocrx_word' id='word_1_201' title='bbox 1176 2952 1250 2992; x_wconf 85' lang='lat' dir='ltr'>eum</span> <span class='ocrx_word' id='word_1_202' title='bbox 1279 2930 1332 2993; x_wconf 87' lang='lat' dir='ltr'>Ci-</span> 
     </span>
     <span class='ocr_line' id='line_1_25' title="bbox 187 3027 1331 3115; baseline 0 -21"><span class='ocrx_word' id='word_1_203' title='bbox 187 3033 367 3096; x_wconf 82' lang='lat' dir='ltr'>ceronianis</span> <span class='ocrx_word' id='word_1_204' title='bbox 384 3028 478 3115; x_wconf 85' lang='lat' dir='ltr'>apud</span> <span class='ocrx_word' id='word_1_205' title='bbox 493 3028 635 3092; x_wconf 89' lang='lat' dir='ltr'>Nonimn</span> <span class='ocrx_word' id='word_1_206' title='bbox 651 3027 821 3094; x_wconf 84' lang='lat' dir='ltr'>ordinibus</span> <span class='ocrx_word' id='word_1_207' title='bbox 843 3051 907 3092; x_wconf 91' lang='lat' dir='ltr'>non</span> <span class='ocrx_word' id='word_1_208' title='bbox 930 3031 1129 3115; x_wconf 60' lang='lat' dir='ltr'>conspiranq&#39;</span> <span class='ocrx_word' id='word_1_209' title='bbox 1151 3031 1249 3094; x_wconf 84' lang='lat' dir='ltr'>aede</span> <span class='ocrx_word' id='word_1_210' title='bbox 1271 3037 1331 3096; x_wconf 84' lang='lat' dir='ltr'>hoe</span> 
     </span>
     <span class='ocr_line' id='line_1_26' title="bbox 186 3129 1331 3221; baseline -0.001 -24"><span class='ocrx_word' id='word_1_211' title='bbox 186 3132 318 3221; x_wconf 89' lang='lat' dir='ltr'>quidem</span> <span class='ocrx_word' id='word_1_212' title='bbox 341 3155 392 3196; x_wconf 86' lang='lat' dir='ltr'>res</span> <span class='ocrx_word' id='word_1_213' title='bbox 415 3130 527 3217; x_wconf 89' lang='lat' dir='ltr'>liquet.</span> <span class='ocrx_word' id='word_1_214' title='bbox 572 3151 612 3192; x_wconf 90' lang='lat' dir='ltr'>ne</span> <span class='ocrx_word' id='word_1_215' title='bbox 640 3129 719 3215; x_wconf 91' lang='lat' dir='ltr'>quid</span> <span class='ocrx_word' id='word_1_216' title='bbox 748 3140 856 3194; x_wconf 87' lang='lat' dir='ltr'>tamen</span> <span class='ocrx_word' id='word_1_217' title='bbox 884 3132 1070 3196; x_wconf 85' lang='lat' dir='ltr'>omittamus</span> <span class='ocrx_word' id='word_1_218' title='bbox 1100 3132 1331 3197; x_wconf 87' lang='lat' dir='ltr'>similitudines</span> 
     </span>
     <span class='ocr_line' id='line_1_27' title="bbox 188 3230 1089 3315; baseline -0.002 -16"><span class='ocrx_word' id='word_1_219' title='bbox 188 3235 392 3300; x_wconf 85' lang='lat' dir='ltr'>ascribamus</span> <span class='ocrx_word' id='word_1_220' title='bbox 414 3255 487 3296; x_wconf 88' lang='lat' dir='ltr'>eum</span> <span class='ocrx_word' id='word_1_221' title='bbox 510 3233 619 3315; x_wconf 82' lang='lat' dir='ltr'>Festo,</span> <span class='ocrx_word' id='word_1_222' title='bbox 642 3231 801 3308; x_wconf 89' lang='lat' dir='ltr'>Varrone,</span> <span class='ocrx_word' id='word_1_223' title='bbox 825 3230 982 3314; x_wconf 85' lang='lat' dir='ltr'>Charisia,</span> <span class='ocrx_word' id='word_1_224' title='bbox 1005 3233 1089 3298; x_wconf 86' lang='lat' dir='ltr'>aliis.</span> 
     </span>
    </p>
   </div>
   <div class='ocr_carea' id='block_1_5' title="bbox 186 3421 1330 4019">
    <p class='ocr_par' dir='ltr' id='par_1_7' title="bbox 187 3421 1330 3613">
     <span class='ocr_line' id='line_1_28' title="bbox 187 3421 1330 3506; baseline 0.003 -21"><span class='ocrx_word' id='word_1_225' title='bbox 187 3422 272 3486; x_wconf 90' lang='lat' dir='ltr'>Non.</span> <span class='ocrx_word' id='word_1_226' title='bbox 294 3445 328 3506; x_wconf 86' lang='lat' dir='ltr'>p.</span> <span class='ocrx_word' id='word_1_227' title='bbox 350 3422 401 3493; x_wconf 87' lang='grc'>41,</span> <span class='ocrx_word' id='word_1_228' title='bbox 427 3421 475 3485; x_wconf 90' lang='grc'>10.</span> <span class='ocrx_word' id='word_1_229' title='bbox 520 3441 669 3491; x_wconf 86' lang='lat' dir='ltr'>reserare,</span> <span class='ocrx_word' id='word_1_230' title='bbox 693 3426 824 3502; x_wconf 78' lang='lat' dir='ltr'>aperire.</span> <span class='ocrx_word' id='word_1_231' title='bbox 868 3442 980 3485; x_wconf 84' lang='lat' dir='ltr'>asera</span> <span class='ocrx_word' id='word_1_232' title='bbox 1002 3428 1113 3486; x_wconf 77' lang='lat' dir='ltr'>dictura</span> <span class='ocrx_word' id='word_1_233' title='bbox 1136 3445 1197 3502; x_wconf 78' lang='lat' dir='ltr'>aaa</span> <span class='ocrx_word' id='word_1_234' title='bbox 1218 3436 1330 3488; x_wconf 85' lang='lat' dir='ltr'>remota</span> 
     </span>
     <span class='ocr_line' id='line_1_29' title="bbox 314 3525 991 3613; baseline 0.003 -27"><span class='ocrx_word' id='word_1_235' title='bbox 314 3531 425 3613; x_wconf 80' lang='lat' dir='ltr'>nataae</span> <span class='ocrx_word' id='word_1_236' title='bbox 445 3529 602 3602; x_wconf 75' lang='lat' dir='ltr'>patefiant.</span> <span class='ocrx_word' id='word_1_237' title='bbox 647 3528 690 3586; x_wconf 88' lang='lat' dir='ltr'>M.</span> <span class='ocrx_word' id='word_1_238' title='bbox 714 3525 830 3587; x_wconf 79' lang='lat' dir='ltr'>Tattius</span> <span class='ocrx_word' id='word_1_239' title='bbox 859 3543 887 3587; x_wconf 87' lang='lat' dir='ltr'>e.</span> <span class='ocrx_word' id='word_1_240' title='bbox 911 3546 942 3608; x_wconf 93' lang='lat' dir='ltr'>q.</span> <span class='ocrx_word' id='word_1_241' title='bbox 966 3547 991 3588; x_wconf 88' lang='lat' dir='ltr'>s.</span> 
     </span>
    </p>

    <p class='ocr_par' dir='ltr' id='par_1_8' title="bbox 186 3623 1330 4019">
     <span class='ocr_line' id='line_1_30' title="bbox 186 3623 1330 3714; baseline 0.003 -26"><span class='ocrx_word' id='word_1_242' title='bbox 186 3623 265 3689; x_wconf 83' lang='lat' dir='ltr'>Fest</span> <span class='ocrx_word' id='word_1_243' title='bbox 286 3648 319 3712; x_wconf 91' lang='lat' dir='ltr'>p.</span> <span class='ocrx_word' id='word_1_244' title='bbox 341 3625 414 3689; x_wconf 86' lang='grc'><strong>282.</strong></span> <span class='ocrx_word' id='word_1_245' title='bbox 461 3626 633 3708; x_wconf 79' lang='lat' dir='ltr'>[reserari.</span> <span class='ocrx_word' id='word_1_246' title='bbox 651 3673 658 3686; x_wconf 94' lang='lat'>.</span> <span class='ocrx_word' id='word_1_247' title='bbox 676 3673 709 3689; x_wconf 90' lang='lat'>..</span> <span class='ocrx_word' id='word_1_248' title='bbox 733 3627 791 3708; x_wconf 80' lang='lat' dir='ltr'>ait]</span> <span class='ocrx_word' id='word_1_249' title='bbox 813 3629 876 3689; x_wconf 78' lang='lat' dir='ltr'>dici</span> <span class='ocrx_word' id='word_1_250' title='bbox 895 3631 933 3689; x_wconf 80' lang='lat' dir='ltr'>ah</span> <span class='ocrx_word' id='word_1_251' title='bbox 956 3647 991 3690; x_wconf 90' lang='lat' dir='ltr'>eo</span> <span class='ocrx_word' id='word_1_252' title='bbox 1012 3633 1095 3705; x_wconf 73' lang='lat' dir='ltr'>quoa</span> <span class='ocrx_word' id='word_1_253' title='bbox 1108 3629 1243 3714; x_wconf 81' lang='lat' dir='ltr'>de[raota</span> <span class='ocrx_word' id='word_1_254' title='bbox 1261 3649 1330 3692; x_wconf 85' lang='lat' dir='ltr'>sera</span> 
     </span>
     <span class='ocr_line' id='line_1_31' title="bbox 312 3729 1330 3811; baseline 0.003 -22"><span class='ocrx_word' id='word_1_255' title='bbox 312 3734 467 3791; x_wconf 70' lang='lat' dir='ltr'>alannae</span> <span class='ocrx_word' id='word_1_256' title='bbox 486 3730 631 3808; x_wconf 75' lang='lat' dir='ltr'>aardlr‘ne</span> <span class='ocrx_word' id='word_1_257' title='bbox 656 3734 802 3806; x_wconf 76' lang='lat' dir='ltr'>patefiant</span> <span class='ocrx_word' id='word_1_258' title='bbox 830 3729 946 3811; x_wconf 77' lang='lat' dir='ltr'>[sareas</span> <span class='ocrx_word' id='word_1_259' title='bbox 973 3735 1043 3792; x_wconf 78' lang='lat' dir='ltr'>inde</span> <span class='ocrx_word' id='word_1_260' title='bbox 1070 3752 1147 3808; x_wconf 82' lang='lat' dir='ltr'>qnae</span> <span class='ocrx_word' id='word_1_261' title='bbox 1170 3735 1330 3810; x_wconf 78' lang='lat' dir='ltr'>patefacta</span> 
     </span>
     <span class='ocr_line' id='line_1_32' title="bbox 312 3830 1330 3916; baseline 0.001 -24"><span class='ocrx_word' id='word_1_262' title='bbox 312 3831 354 3912; x_wconf 90' lang='lat' dir='ltr'>et]</span> <span class='ocrx_word' id='word_1_263' title='bbox 379 3834 500 3892; x_wconf 77' lang='lat' dir='ltr'>uectura</span> <span class='ocrx_word' id='word_1_264' title='bbox 527 3835 585 3891; x_wconf 79' lang='lat' dir='ltr'>sint</span> <span class='ocrx_word' id='word_1_265' title='bbox 613 3830 764 3912; x_wconf 84' lang='lat' dir='ltr'>re[serata</span> <span class='ocrx_word' id='word_1_266' title='bbox 793 3836 862 3894; x_wconf 81' lang='lat' dir='ltr'>dter&#39;.</span> <span class='ocrx_word' id='word_1_267' title='bbox 907 3834 1008 3916; x_wconf 88' lang='lat' dir='ltr'>serae]</span> <span class='ocrx_word' id='word_1_268' title='bbox 1039 3853 1167 3910; x_wconf 80' lang='lat' dir='ltr'>namque</span> <span class='ocrx_word' id='word_1_269' title='bbox 1189 3838 1330 3896; x_wconf 78' lang='lat' dir='ltr'>dicantar</span> 
     </span>
     <span class='ocr_line' id='line_1_33' title="bbox 307 3931 1182 4019; baseline 0.002 -25"><span class='ocrx_word' id='word_1_270' title='bbox 307 3936 406 4007; x_wconf 80' lang='lat' dir='ltr'>fustes</span> <span class='ocrx_word' id='word_1_271' title='bbox 427 3931 495 4014; x_wconf 81' lang='lat' dir='ltr'>[qai</span> <span class='ocrx_word' id='word_1_272' title='bbox 516 3944 709 4010; x_wconf 80' lang='lat' dir='ltr'>opponantur</span> <span class='ocrx_word' id='word_1_273' title='bbox 730 3934 854 4014; x_wconf 76' lang='lat' dir='ltr'>clausis]</span> <span class='ocrx_word' id='word_1_274' title='bbox 875 3937 1006 4008; x_wconf 77' lang='lat' dir='ltr'>forthae.</span> <span class='ocrx_word' id='word_1_275' title='bbox 1051 3956 1079 3997; x_wconf 90' lang='lat' dir='ltr'>e.</span> <span class='ocrx_word' id='word_1_276' title='bbox 1102 3956 1133 4019; x_wconf 94' lang='lat' dir='ltr'>q.</span> <span class='ocrx_word' id='word_1_277' title='bbox 1157 3955 1182 3997; x_wconf 89' lang='lat' dir='ltr'>s.</span> 
     </span>
    </p>
   </div>
   <div class='ocr_carea' id='block_1_6' title="bbox 186 4118 1332 4612">
    <p class='ocr_par' dir='ltr' id='par_1_9' title="bbox 186 4118 1332 4612">
     <span class='ocr_line' id='line_1_34' title="bbox 186 4118 1332 4204; baseline 0.003 -22"><span class='ocrx_word' id='word_1_278' title='bbox 186 4119 271 4182; x_wconf 92' lang='lat' dir='ltr'>Non.</span> <span class='ocrx_word' id='word_1_279' title='bbox 296 4141 329 4204; x_wconf 89' lang='lat' dir='ltr'>p.</span> <span class='ocrx_word' id='word_1_280' title='bbox 352 4118 406 4200; x_wconf 76' lang='lat'>66,</span> <span class='ocrx_word' id='word_1_281' title='bbox 430 4119 479 4183; x_wconf 83' lang='grc'>10.</span> <span class='ocrx_word' id='word_1_282' title='bbox 523 4140 643 4184; x_wconf 87' lang='lat' dir='ltr'>manum</span> <span class='ocrx_word' id='word_1_283' title='bbox 666 4125 776 4186; x_wconf 76' lang='lat' dir='ltr'>dicitur</span> <span class='ocrx_word' id='word_1_284' title='bbox 797 4127 932 4193; x_wconf 74' lang='lat' dir='ltr'>darem,-</span> <span class='ocrx_word' id='word_1_285' title='bbox 954 4126 1033 4184; x_wconf 82' lang='lat' dir='ltr'>ande</span> <span class='ocrx_word' id='word_1_286' title='bbox 1047 4127 1135 4184; x_wconf 84' lang='lat' dir='ltr'>ettam</span> <span class='ocrx_word' id='word_1_287' title='bbox 1150 4140 1249 4202; x_wconf 83' lang='lat' dir='ltr'>mane,</span> <span class='ocrx_word' id='word_1_288' title='bbox 1261 4135 1332 4201; x_wconf 79' lang='lat' dir='ltr'>post</span> 
     </span>
     <span class='ocr_line' id='line_1_35' title="bbox 311 4225 1330 4304; baseline 0.004 -20"><span class='ocrx_word' id='word_1_289' title='bbox 311 4225 449 4285; x_wconf 81' lang='lat' dir='ltr'>tenebras</span> <span class='ocrx_word' id='word_1_290' title='bbox 470 4229 563 4286; x_wconf 76' lang='lat' dir='ltr'>noetis</span> <span class='ocrx_word' id='word_1_291' title='bbox 577 4227 637 4286; x_wconf 80' lang='lat' dir='ltr'>diei</span> <span class='ocrx_word' id='word_1_292' title='bbox 654 4243 730 4302; x_wconf 82' lang='lat' dir='ltr'>pars</span> <span class='ocrx_word' id='word_1_293' title='bbox 747 4229 862 4304; x_wconf 80' lang='lat' dir='ltr'>prtraa.</span> <span class='ocrx_word' id='word_1_294' title='bbox 892 4229 962 4287; x_wconf 78' lang='lat' dir='ltr'>tacte</span> <span class='ocrx_word' id='word_1_295' title='bbox 977 4227 1098 4287; x_wconf 87' lang='lat' dir='ltr'>Matuta</span> <span class='ocrx_word' id='word_1_296' title='bbox 1121 4243 1198 4301; x_wconf 85' lang='lat' dir='ltr'>qaae</span> <span class='ocrx_word' id='word_1_297' title='bbox 1215 4227 1330 4288; x_wconf 80' lang='lat' dir='ltr'>Graece</span> 
     </span>
     <span class='ocr_line' id='line_1_36' title="bbox 309 4317 1329 4405; baseline 0.003 -18"><span class='ocrx_word' id='word_1_298' title='bbox 309 4326 488 4388; x_wconf 78' lang='lat' dir='ltr'>Leucothea.</span> <span class='ocrx_word' id='word_1_299' title='bbox 510 4343 580 4386; x_wconf 88' lang='lat' dir='ltr'>nam</span> <span class='ocrx_word' id='word_1_300' title='bbox 603 4328 673 4388; x_wconf 78' lang='lat' dir='ltr'>tacte</span> <span class='ocrx_word' id='word_1_301' title='bbox 695 4331 798 4388; x_wconf 85' lang='lat' dir='ltr'>notant</span> <span class='ocrx_word' id='word_1_302' title='bbox 819 4330 909 4389; x_wconf 81' lang='lat' dir='ltr'>ettam</span> <span class='ocrx_word' id='word_1_303' title='bbox 932 4330 1003 4389; x_wconf 82' lang='lat' dir='ltr'>deas</span> <span class='ocrx_word' id='word_1_304' title='bbox 1026 4329 1132 4388; x_wconf 83' lang='lat' dir='ltr'>Manes</span> <span class='ocrx_word' id='word_1_305' title='bbox 1153 4317 1255 4389; x_wconf 87' lang='lat' dir='ltr'>manes</span> <span class='ocrx_word' id='word_1_306' title='bbox 1274 4347 1329 4405; x_wconf 78' lang='lat' dir='ltr'>ap·</span> 
     </span>
     <span class='ocr_line' id='line_1_37' title="bbox 309 4429 1328 4506; baseline 0.005 -19"><span class='ocrx_word' id='word_1_307' title='bbox 309 4431 422 4503; x_wconf 79' lang='lat' dir='ltr'>pellarr&#39;</span> <span class='ocrx_word' id='word_1_308' title='bbox 442 4430 475 4490; x_wconf 79' lang='lat' dir='ltr'>r&#39;d</span> <span class='ocrx_word' id='word_1_309' title='bbox 496 4437 538 4488; x_wconf 89' lang='lat' dir='ltr'>est</span> <span class='ocrx_word' id='word_1_310' title='bbox 552 4429 641 4490; x_wconf 84' lang='lat' dir='ltr'>bonos</span> <span class='ocrx_word' id='word_1_311' title='bbox 655 4446 693 4494; x_wconf 81' lang='lat' dir='ltr'>ae.</span> <span class='ocrx_word' id='word_1_312' title='bbox 711 4447 884 4505; x_wconf 77' lang='lat' dir='ltr'>prosperos,</span> <span class='ocrx_word' id='word_1_313' title='bbox 908 4432 988 4503; x_wconf 81' lang='lat' dir='ltr'>qaod</span> <span class='ocrx_word' id='word_1_314' title='bbox 1002 4432 1105 4490; x_wconf 77' lang='lat' dir='ltr'>metior</span> <span class='ocrx_word' id='word_1_315' title='bbox 1119 4447 1198 4489; x_wconf 81' lang='lat' dir='ltr'>mors</span> <span class='ocrx_word' id='word_1_316' title='bbox 1212 4435 1328 4506; x_wconf 78' lang='lat' dir='ltr'>sapten-</span> 
     </span>
     <span class='ocr_line' id='line_1_38' title="bbox 309 4511 965 4612; baseline 0.002 -23"><span class='ocrx_word' id='word_1_317' title='bbox 309 4531 432 4590; x_wconf 79' lang='lat' dir='ltr'>tierr&#39;bns</span> <span class='ocrx_word' id='word_1_318' title='bbox 454 4511 542 4605; x_wconf 82' lang='lat' dir='ltr'>qaam</span> <span class='ocrx_word' id='word_1_319' title='bbox 565 4535 628 4591; x_wconf 78' lang='lat' dir='ltr'>utta</span> <span class='ocrx_word' id='word_1_320' title='bbox 648 4533 802 4608; x_wconf 79' lang='lat' dir='ltr'>probetur.</span> <span class='ocrx_word' id='word_1_321' title='bbox 833 4550 860 4592; x_wconf 90' lang='lat' dir='ltr'>e.</span> <span class='ocrx_word' id='word_1_322' title='bbox 883 4551 913 4612; x_wconf 87' lang='lat' dir='ltr'>q.</span> <span class='ocrx_word' id='word_1_323' title='bbox 939 4551 965 4591; x_wconf 80' lang='lat' dir='ltr'>s,</span> 
     </span>
    </p>
   </div>
   <div class='ocr_carea' id='block_1_7' title="bbox 0 0 1584 5126">
    <p class='ocr_par' dir='ltr' id='par_1_10' title="bbox 0 0 1584 5126">
     <span class='ocr_line' id='line_1_39' title="bbox 0 0 1584 5126; baseline 0 4"><span class='ocrx_word' id='word_1_324' title='bbox 0 0 1584 5126; x_wconf 95' lang='lat' dir='ltr'> </span> 
     </span>
    </p>
   </div>
  </div>
 </body>
</html>
