3160 5126
681 355 910 420 -145—

225 524 357 612 quidem
393 531 528 610 propter
564 524 692 588 consilii
729 524 956 590 diuersitatem
984 523 1126 588 Noniani
1156 535 1189 590 et
1218 524 1373 592 Verriani

226 649 360 713 operum
384 626 514 692 omnino
537 627 672 710 negauit
693 626 754 692 hoo
776 626 850 690 usui
879 625 981 691 fuisse
1004 625 1121 691 Nonio.
1167 629 1304 712 ‘igitur'
1326 629 1373 692 in-

223 729 293 814 quit
315 729 442 794 ‘omnia
456 729 526 792 fero
541 729 672 793 diuersa
687 738 779 812 sunt3
802 737 835 792 et
857 729 886 793 si
908 727 988 815 quid
1012 727 1117 792 simile
1139 727 1239 795 habet
1262 730 1372 794 breuis

224 830 411 917 explicatio,
428 831 490 896 hoe
512 854 577 896 non
600 840 770 896 auctorum
793 828 929 895 oonsilio
952 829 1010 894 sed
1033 831 1124 894 casui
1140 830 1373 896 tribuendum?

226 934 434 998 uehementer
456 929 562 997 autem
586 934 736 1019 suspicor
751 954 866 1018 parum
882 941 1034 997 accurate
1050 941 1223 1023 utrumque
1239 934 1374 1021 scripto·
1424 983 1429 993 ,

224 1057 292 1098 rem
314 1036 357 1100 ab
380 1033 436 1099 illo
459 1057 531 1100 esse
554 1034 718 1099 collatum.
762 1032 881 1100 totiens
905 1034 989 1098 enim
1013 1042 1145 1120 tamque
1161 1034 1272 1100 multis
1293 1035 1374 1101 loeis

128 1212 131 1222 γ
226 1135 356 1221 egregie
379 1139 600 1224 expositiones
622 1137 793 1222 utriusque
810 1136 1010 1222 conspirant,
1033 1158 1261 1224 nonnusquam
1277 1129 1374 1202 etiam

225 1240 299 1326 ipsa
322 1239 473 1325 exempla
495 1240 689 1326 scriptorum
715 1263 735 1304 a
757 1238 865 1305 Nonio
888 1237 970 1303 alias
986 1261 1091 1325 paene
1113 1262 1274 1326 nusquam
1290 1261 1374 1304 oom-

226 1351 496 1425 memoratorum,
532 1352 569 1406 ut
598 1342 703 1406 omnis
733 1341 819 1404 inter
845 1361 900 1405 eos
924 1341 1108 1406 communio
1138 1342 1252 1425 negari
1284 1341 1374 1407 nullo

227 1453 321 1529 pacto
344 1444 461 1528 possit.
506 1444 649 1509 eonoedo
672 1443 804 1530 quidem
823 1440 998 1507 Gerlaohio
1022 1444 1108 1528 quod
1131 1442 1375 1508 eoncedendum

227 1555 278 1609 est
298 1546 403 1632 ipsius
426 1546 534 1610 Verrii
557 1544 669 1630 copias
693 1545 836 1610 Nonium
859 1566 924 1608 non
947 1544 1148 1630 excussisse;
1177 1543 1238 1608 hoe
1266 1555 1375 1610 tamen

227 1647 323 1712 ualde
356 1657 483 1712 eertum
518 1647 623 1713 habeo
658 1646 846 1712 auctoribus
881 1667 954 1709 eum
982 1667 1077 1709 usum
1099 1668 1171 1710 esse
1199 1648 1254 1733 qui
1283 1647 1377 1732 quasi

227 1749 335 1812 Verrii
358 1771 436 1814 sueo
458 1749 650 1817 uietitarint.
696 1747 788 1812 cuius
817 1746 864 1811 rei
891 1769 965 1811 eum
988 1757 1086 1812 antea
1113 1748 1300 1812 testimonia
1322 1749 1377 1812 ad-

226 1850 355 1915 tulerim
377 1849 634 1936 locupletissima
656 1857 848 1936 persecutus
871 1849 1014 1932 ordinea,
1038 1860 1107 1914 tum
1129 1850 1280 1937 hisquae
1302 1850 1377 1914 sub·

230 1953 370 2018 scribam
394 1951 564 2039 scrupulos
589 1974 684 2038 spero
708 1975 759 2016 me
781 1950 878 2037 plane
901 1961 1138 2038 exempturum.

227 2156 309 2222 Non.
332 2181 364 2244 p.
388 2159 418 2222 3.
463 2163 598 2222 uelilulio
620 2162 732 2221 dieitur
760 2163 835 2222 leuis
857 2163 1008 2222 eontentio
1035 2179 1080 2222 ex
1106 2165 1377 2236 conpressione

354 2266 516 2325 uelitum.
564 2265 688 2324 Plautus
709 2263 855 2323 Asinaria
878 2282 906 2322 e.
930 2282 961 2346 q.
985 2283 1011 2324 s.
1055 2265 1147 2324 idem
1176 2266 1375 2325 Menaech-

325 2369 435 2426 Ιηιὶε.ι
469 2365 613 2426 ‘nescio
646 2366 737 2439 quid
767 2382 832 2426 uos
861 2367 1019 2426 velitati
1052 2369 1147 2426 estis
1174 2369 1275 2427 inter
1312 2383 1376 2428 uos

354 2470 442 2528 cluo’
464 2488 493 2529 e.
516 2486 547 2550 q.
571 2487 596 2528 s.
641 2460 685 2526 ef.
708 2461 801 2525 Paul.
824 2484 857 2548 p.
879 2462 951 2528 369.
976 2470 1112 2528 uelilulio
1133 2469 1217 2528 dictu
1239 2476 1283 2528 est
1297 2471 1376 2528 ultro

352 2574 486 2645 citroque
508 2573 692 2646 probrorum
721 2569 876 2630 obiectatio
910 2570 953 2629 ub
986 2572 1160 2645 exemplo
1196 2574 1377 2632 uelitaris

350 2689 509 2748 pupuae.
559 2673 701 2732 Plautus:
735 2675 861 2733 nescio
888 2673 980 2747 quid
1006 2675 1162 2734 ueliluli
1191 2676 1284 2733 estis
1317 2676 1375 2733 in·
1424 2741 1428 2746 ,

353 2783 411 2834 ter
432 2776 508 2836 uos!

226 2871 310 2936 Non.
339 2895 370 2958 p.
400 2873 458 2954 87,
490 2873 539 2936 15.
583 2869 803 2953 compluriens,
822 2874 1013 2950 frequenter.
1059 2876 1134 2934 Coto
1156 2893 1184 2934 e.
1208 2893 1238 2955 q.
1262 2894 1288 2934 s.
1330 2871 1374 2936 ef.

352 2973 442 3040 Paul.
466 2997 498 3061 p.
523 2974 575 3038 59.
603 2980 807 3053 compluriens
829 2994 849 3036 α
871 2976 1075 3052 compluribus
1100 2979 1256 3050 siprzirtcul
1277 2993 1376 3053 saepe.

356 3083 447 3142 Colo:
470 3100 497 3140 e.
520 3100 551 3163 q.
576 3099 601 3140 s,

227 3177 311 3243 Non.
337 3203 368 3264 p.
395 3180 464 3262 119,
490 3179 541 3243 18.
583 3186 732 3263 prumiae,
749 3183 922 3259 pituitae
944 3183 1148 3252 oculorum.
1179 3177 1223 3242 ef.
1246 3176 1372 3243 Plaoid.

353 3281 453 3366 gloss.
476 3305 509 3366 p.
524 3281 602 3345 467:
623 3287 762 3363 promia,
783 3287 896 3358 premis
917 3300 996 3358 quoe
1014 3291 1083 3344 suut
1099 3287 1265 3359 pituitae
1288 3302 1372 3346 ocu-

360 3384 533 3470 lorum.⁵¹)
608 3397 611 3414 ¹
1185 3442 1189 3450 .

227 3487 309 3551 Non.
333 3508 365 3571 p.
390 3485 462 3568 149,
485 3485 535 3550 22.
578 3507 694 3567 ponus,
724 3497 840 3550 tramae
868 3490 1056 3549 inuolucrum
1080 3507 1185 3565 quum
1213 3493 1374 3552 diminu-

354 3596 429 3653 liue
453 3594 658 3667 paruolum
686 3609 868 3656 uouemus.
912 3587 955 3651 of.
988 3588 1077 3653 Fesl.
1105 3613 1136 3676 p.
1167 3590 1245 3654 220:
1270 3612 1374 3671 ponus
1472 3593 1473 3596 ’

351 3694 433 3768 fucit
454 3695 728 3756 deminutiuum
746 3698 951 3771 panucula.

228 3789 311 3856 Non.
336 3815 366 3878 p.
392 3792 462 3877 158,
488 3792 538 3858 14.
578 3799 704 3871 puellae,
733 3814 852 3874 pueros.
904 3797 1006 3858 Varro
1030 3797 1217 3858 Testamenlo
1240 3815 1267 3855 e.
1291 3815 1322 3878 q.
1346 3815 1372 3856 a.

353 3899 531 3959 Lucilius
553 3899 629 3960 Sul.
653 3899 711 3959 lib.
728 3899 793 3960 JV:
816 3900 986 3972 ‘eumque
1008 3901 1160 3959 ilicium
1179 3898 1372 3971 formosus

353 4001 424 4060 libi
444 4017 487 4061 ue
509 4007 544 4060 le
566 4001 701 4074 clipeus
718 4003 896 4077 puellus!
941 3997 984 4061 of.
1008 3997 1097 4061 Fesl.
1121 4019 1154 4082 p.
1177 3995 1250 4060 249.
1278 4002 1374 4076 puelli

348 4120 409 4178 per
436 4104 660 4164 diminutionem
689 4121 709 4163 u
736 4106 841 4178 pueris
862 4105 935 4165 dicti
960 4110 1037 4164 suut.
1082 4106 1183 4177 itaque
1204 4111 1233 4162 el
1255 4103 1373 4163 Ennius

354 4208 414 4266 uit:
437 4206 543 4266 ‘Poeni
561 4208 642 4266 soliti
662 4223 731 4266 suos
751 4208 929 4279 sacrificare
954 4209 1093 4281 puellos!
1125 4212 1161 4264 el
1184 4205 1373 4266 Lucilius:

229 4355 456 4368 ————-.-—.

295 4439 340 4506 51)
359 4442 490 4494 Placidus
509 4441 624 4494 Paulum
644 4447 672 4492 et
690 4445 802 4495 Festum
821 4443 981 4508 compilauit
999 4443 1035 4496 ef.
1049 4442 1081 4493 0.
1094 4442 1211 4493 Mueller
1228 4444 1316 4508 praef.
1336 4445 1371 4494 arl

226 4523 339 4576 Festum
357 4545 382 4593 p.
403 4529 523 4580 xxxm
541 4544 581 4593 sq.

279 4606 383 4659 Selanidq
398 4609 425 4649 de
438 4609 501 4650 Nonii
516 4609 610 4651 Marcelli
624 4616 680 4654 auct.
695 4623 785 4663 gramm.
1128 4619 1168 4675 10
