3160 5126
653 369 693 378 ...
736 331 862 396 91...

654 540 751 617 caput
771 539 856 603 vm.

183 620 355 786 Piliiiiiiira2
366 723 417 787 98.
441 687 596 789 teneritas
743 729 805 789 Cic.
828 729 866 788 ele
884 730 939 799 (tn.
969 729 992 786 V
1015 725 1038 807 5
1061 733 1110 787 58.
1175 742 1178 749 ·

657 915 753 991 capu
774 915 852 978 XIV.
882 929 887 941 ·

184 1019 216 1084 p.
238 994 312 1076 541,
338 995 387 1058 11.

225 1095 344 1162 lemma
365 1095 417 1161 27.
441 1096 597 1162 carbasus
745 1097 869 1184 Vergil.
893 1099 977 1162 Aen.
1001 1098 1058 1163 lib.
1081 1097 1176 1164 VIII.

743 1199 829 1264 idem
852 1199 910 1264 lib.
934 1199 995 1266 IX.
1206 1285 1208 1290 ι

745 1305 823 1368 Tull.
846 1306 877 1364 ln
908 1308 992 1365 Verr.
1016 1307 1054 1364 de
1074 1308 1175 1382 suppl.
1202 1307 1229 1364 V
1243 1304 1268 1387 ἕ
1283 1313 1329 1369 30.

742 1403 849 1468 Varro
872 1402 914 1467 de
937 1405 995 1468 uit.
1019 1426 1051 1489 p.
1074 1403 1114 1468 R.

367 1507 419 1572 28.
442 1516 615 1593 praetexta
746 1509 823 1570 Tull.
847 1513 877 1570 in
910 1511 992 1569 Verr.
1017 1510 1056 1570 de
1077 1513 1177 1586 suppl.
1203 1508 1263 1590 V§
1279 1519 1326 1572 36.

185 1677 416 1846 umal&
440 1779 559 1844 culcita
621 1774 628 1791 '
744 1783 805 1842 Cle.
832 1779 1116 1861 Tusc.le'o.111§
1140 1789 1188 1842 46.

643 1661 870 1672 -ο--ἡ-ι--ι--σ-

647 1969 743 2048 caput
764 1969 861 2030 xvn.

186 2077 218 2139 p.
239 2051 313 2134 550,
337 2053 388 2118 20.

226 2154 345 2219 lemma
366 2154 397 2218 4.
420 2175 533 2218 menae
747 2155 823 2216 Tull.
847 2157 884 2216 de
902 2159 986 2228 finib.
1011 2157 1049 2216 II
1067 2155 1091 2238 §
1113 2165 1157 2218 nl.

185 2349 218 2412 p.
242 2324 316 2405 550,
339 2325 390 2388 25.

226 2426 344 2492 lemma
365 2427 396 2491 5.
421 2425 608 2512 accipenscr
745 2431 807 2490 Cic.
835 2429 920 2490 Taso.
942 2429 998 2488 III
1017 2429 1041 2512 ἕ
1064 2437 1113 2490 43.

367 2528 397 2592 6.
421 2527 621 2592 nasturcium
743 2533 804 2592 Cic.
831 2531 918 2592 Tusc.
950 2530 1018 2612 V§
1040 2539 1083 2598 99.
1114 2567 1116 2572 ,

643 2309 870 2318 -η--ι-

268 2681 438 2747 Habemus
460 2681 561 2765 igitur
583 2680 733 2746 ordinum
758 2681 822 2746 duo
843 2683 1002 2767 imprimis
1026 2705 1164 2766 genera,
1194 2702 1330 2767 quorum

186 2785 322 2849 alterum
346 2783 501 2870 exemplis
529 2783 698 2848 conficitur
713 2805 804 2868 quae
826 2807 843 2847 e
866 2793 1020 2869 quattuor
1047 2785 1177 2868 scriptis
1201 2783 1329 2847 Cicero·

149 2897 152 2908 '
185 2888 235 2950 nis
260 2885 431 2971 desumpta
454 2893 528 2949 sunt
549 2884 615 2948 his:
645 2884 685 2948 de
709 2884 842 2964 officiis,
868 2884 1061 2967 Hortensio,
1086 2885 1127 2949 de
1151 2893 1329 2966 senectute,

187 2988 227 3052 de
257 2986 484 3073 republicae)
535 2986 672 3050 alterum
705 3007 808 3069 genus
842 2985 1065 3072 exemplorum
1099 3009 1116 3051 e
1150 2985 1241 3049 libris
1276 2985 1329 3048 de·

185 3099 370 3176 promptum
393 3098 443 3153 est
464 3089 515 3152 his
539 3096 707 3175 quattuor:
731 3094 869 3168 oratore,
888 3086 928 3152 de
951 3097 1089 3169 oratore,
1113 3087 1329 3169 Academicis,

186 3190 381 3255 Tusculanis
405 3189 524 3275 dispp.‚
548 3192 602 3275 qui
618 3189 694 3254 libri
710 3187 875 3254 Ciceronis
892 3211 964 3254 esse
978 3191 1100 3277 ubique
1116 3190 1279 3255 dicuntur.
1290 3188 1329 3273 ³⁷)

185 3293 248 3357 hac
269 3293 476 3377 potissimum
498 3314 533 3356 re
556 3291 683 3356 Riesius
707 3299 901 3376 excerptae
924 3291 1091 3356 Ciceronis
1115 3291 1207 3357 libris
1223 3291 1330 3355 Nonio

185 3396 259 3459 usui
281 3393 385 3458 fuisse
407 3394 555 3458 euincere
579 3395 641 3458 sibi
665 3395 755 3457 uisus
778 3402 826 3458 est
848 3394 896 3457 sic
917 3394 1147 3460 ratiocinatus:
1171 3395 1255 3458 ‘nur
1278 3393 1331 3458 dic

184 3495 409 3561 Mueller'sche
432 3494 605 3561 Annahme
629 3495 698 3584 (qui
720 3496 808 3581 ipsos
832 3503 930 3561 testes
953 3519 1033 3582 quos
1056 3497 1164 3562 adfert
1187 3496 1330 3562 Nonium

185 3595 305 3683 legisse
327 3599 460 3683 negauit
482 3598 523 3662 de
546 3619 579 3661 re
602 3606 695 3662 metr.
718 3621 751 3683 p.
774 3598 829 3684 80)
853 3599 983 3663 mochte
1005 3600 1074 3663 eins
1097 3603 1131 3664 in
1154 3599 1207 3664 die
1230 3599 1330 3682 Wag-

188 3699 296 3765 schale
319 3691 435 3764 iallen:
464 3719 528 3764 von
552 3699 616 3762 den
639 3697 890 3765 Ciceronischen
914 3700 1078 3765 Schriften
1105 3700 1199 3766 theilt
1221 3722 1256 3763 er
1278 3699 1331 3764 dic

184 3841 413 3850 ..αφ-*μ-

253 3906 379 3971 36)na1n
402 3907 487 3965 libros
511 3906 544 3956 de
568 3907 712 3971 republica
734 3907 761 3956 in
782 3907 876 3958 eodem
894 3912 960 3974 puto
979 3907 1073 3959 codice
1096 3909 1183 3958 fuisse
1203 3920 1263 3956 curn
1280 3905 1335 3956 hos*

186 3993 294 4058 quoqu's
318 4008 353 4042 ne
381 4007 436 4042 uno
460 3989 569 4056 quidem
593 3991 653 4042 loco
677 3995 793 4056 excepto
816 4007 1015 4056 usquequaque
1039 3992 1132 4043 Tullio
1154 3991 1258 4042 Nonius
1282 3989 1330 4040 ud·

185 4077 290 4128 scribat
308 4092 422 4144 cumque
445 4079 474 4127 in
498 4075 636 4142 plerisque
660 4077 802 4129 ordinibus
826 4078 954 4128 contiuuo
978 4081 1137 4128 asserantur
1155 4076 1256 4127 ceterIs
1275 4074 1329 4124 iilis

147 4203 150 4210 .
185 4161 271 4212 'l'uilii
301 4162 421 4227 scriptis.
458 4161 566 4212 ordines
596 4166 688 4214 autem
720 4163 767 4225 qui
790 4162 874 4213 nullis
897 4162 951 4212 nisi
974 4161 1106 4212 librorum
1129 4162 1161 4211 de
1187 4159 1329 4224 republica

186 4247 343 4297 efficiantur
361 4246 494 4312 exemplis
512 4247 540 4297 in
559 4247 664 4297 duobus
683 4251 790 4296 tantum
810 4247 950 4312 capitibus
970 4245 994 4310 (Ι
1013 4252 1041 4298 ct
1053 4245 1088 4310 V)
1109 4245 1294 4295 inueniuntur.

252 4331 295 4394 37)
315 4332 489 4396 paucissimis
508 4331 578 4382 locis
596 4331 681 4384 'Pullii
698 4333 807 4382 nomine
826 4331 996 4382 adferuntur.
1033 4331 1099 4381 libri
1122 4329 1155 4380 dc
1174 4334 1282 4380 oratore
1300 4330 1329 4379 iu

186 4415 327 4466 ordinibus
350 4417 397 4480 qui
424 4420 520 4466 extant
543 4434 569 4483 p.
595 4417 657 4480 180,
680 4419 721 4468 28.
747 4419 810 4479 450,
833 4419 875 4470 25.
897 4415 985 4481 dispp.
1009 4414 1185 4468 Tusculanae
1208 4417 1271 4479 443,
1298 4417 1329 4466 ll

187 4499 279 4552 'I'uliio
297 4499 484 4552 uindicautur.
