3160 5126
727 367 767 380 ..
815 328 876 394 150
921 366 956 378 ..

272 499 356 564 Non.
379 523 408 584 p.
430 500 503 563 211.
534 504 651 578 lapides
673 499 716 562 cf.
741 499 843 562 Prisc.
867 522 898 584 p.
921 499 994 562 259.
1143 533 1148 540 =

273 601 357 666 Non.
382 625 412 687 p.
435 601 508 666 219.
537 586 634 680 penus
665 601 708 664 ei'.
738 599 842 664 Prisc.
872 624 901 687 p.
933 599 1004 664 163.
1034 600 1201 665 1111261).
1246 600 1303 665 ubi
1332 602 1418 666 idem
1491 628 1495 645 .

582 701 800 768 Lucilianum.

272 804 363 871 Non.
382 828 414 890 p.
437 804 509 870 222.
541 826 648 884 specus
670 803 713 868 cf.
736 803 838 868 Prisc.
863 827 894 889 p.
919 804 990 870 259.
1014 805 1070 868 ubi
1093 803 1282 868 Ennianum
1304 805 1403 870 idem.

538 913 612 971 satls
648 907 689 971 cf.
720 905 821 970 Prisc.
857 929 887 992 p.
920 904 977 970 141
1015 906 1071 971 ubi
1108 905 1206 970 etiam
1243 904 1418 971 Sallustius

583 1007 741 1072 adfertur.
786 1006 871 1072 adde
894 1007 1040 1073 Probum
1062 1031 1094 1093 p.
1117 1007 1180 1072 209
1203 1007 1290 1072 Keil.

274 1111 355 1174 Non.
382 1135 411 1196 p.
434 1111 507 1174 224.
536 1115 655 1174 schema
679 1108 721 1174 ci.
745 1109 849 1174 Prisc.
871 1133 903 1195 p.
928 1109 998 1173 199.
1029 1111 1087 1176 ubi
1109 1110 1195 1175 idem
1218 1109 1417 1174 Plautinum.

275 1211 357 1276 Non.
380 1236 411 1296 p.
436 1213 508 1278 225.
539 1217 656 1280 serobes
679 1210 722 1275 cf.
745 1211 848 1276 Prisc.
872 1234 903 1298 p.
927 1211 1001 1276 321.
1029 1211 1087 1276 ubi
1108 1209 1196 1276 idem
1217 1209 1418 1275 Plautinum.

584 1314 669 1378 adde
691 1313 788 1378 Prob.
812 1336 843 1399 p.
866 1313 917 1377 20.

539 1422 617 1481 silex
639 1416 680 1480 cf.
702 1415 804 1479 Prisc.
829 1438 860 1501 p.
888 1415 955 1478 164,
979 1416 1079 1481 Prob.
1102 1439 1133 1500 p.
1157 1415 1230 1480 209.

275 1517 357 1582 Non.
382 1541 412 1603 p.
434 1518 507 1583 228.
539 1529 671 1598 torquem
693 1519 735 1582 cf.
760 1516 845 1582 Gell.
868 1516 931 1598 IX,
951 1517 999 1598 13,
1019 1517 1057 1581 18
1081 1517 1198 1601 (Hertz
1220 1516 1241 1582 l.
1262 1518 1281 1582 l.
1294 1539 1326 1603 p.
1344 1517 1419 1582 184.

274 1720 358 1784 Non.
380 1744 412 1808 p.
436 1721 509 1786 229.
534 1619 798 1786 testlrgdl.3Pi¹isc.
824 1744 855 1807 p.
880 1718 940 1784 123
964 1719 1067 1805 (Hera
1091 1718 1111 1782 1.
1137 1719 1156 1784 l.
1180 1743 1212 1806 p.
1237 1721 1298 1786 183
1321 1722 1394 1806 011).

359 1925 413 1990 Ad
436 1937 534 2011 eaput
556 1926 624 1991 VII
647 1934 866 1991 statueramus
890 1924 1034 1990 Nonium
1057 1925 1300 1989 commentariis
1324 1947 1420 1988 usum

269 2029 502 2114 'nonnusquam
525 2027 632 2092 uideri
654 2027 845 2092 adhibuisse
867 2025 968 2092 libros
991 2027 1044 2091 uel
1060 2026 1158 2091 Plinii
1180 2026 1234 2092 uel
1251 2027 1351 2113 Capri
1365 2027 1419 2092 uel

275 2127 384 2191 Probi.
408 2151 483 2193 nam
498 2128 575 2194 licet
588 2129 744 2194 nonnulla
756 2129 857 2194 Probi
873 2127 1056 2194 doctrinam
1070 2150 1267 2215 magnopere
1279 2130 1418 2215 sapiant,

274 2238 382 2294 tamen
409 2230 552 2296 frustula
578 2230 637 2294 illa
665 2254 741 2295 num
771 2231 813 2298 ab
842 2231 913 2318 ipso
936 2231 1043 2297 Probo
1071 2230 1114 2294 ad
1142 2230 1284 2296 Nonium
1305 2252 1418 2317 perue-

273 2331 382 2396 nerint
404 2330 438 2396 in
460 2332 560 2398 dubio
583 2332 787 2420 relinquitur.
817 2333 970 2397 nimirum
986 2355 1068 2419 quae
1084 2331 1262 2397 Diomedes
1283 2334 1330 2418 (p.
1345 2332 1418 2413 364,

274 2433 410 2516 9-388,
429 2434 503 2499 9K.
525 2435 692 2499 400-401
711 2435 770 2519 K.)
785 2446 818 2501 01
834 2437 1022 2501 Priscianus
1047 2457 1185 2522 quorum
1206 2443 1378 2519 utrumque
1401 2456 1419 2498 e

273 2534 381 2600 Probo
403 2534 552 2600 hausisse
568 2535 671 2601 Keilii
687 2536 906 2624 disputatione
921 2548 1060 2620 constat,
1077 2540 1117 2602 de
1133 2535 1248 2601 eadem
1262 2559 1297 2600 10
1312 2557 1420 2620 gram-

274 2637 394 2702 matica
422 2637 663 2720 disseruerunt,
692 2660 731 2702 ea
759 2642 821 2704 etsi
849 2639 958 2704 multis
987 2639 1135 2726 partibus
1164 2660 1239 2702 curn
1260 2636 1427 2704 Nonianis·

274 2738 466 2821 concinunt,
496 2725 601 2804 multa
629 2750 740 2806 tamen
769 2741 858 2828 apud
886 2741 1029 2806 Nonium
1056 2742 1189 2820 desunt,
1219 2738 1321 2803 multa
1344 2738 1419 2803 aliis

262 2839 431 2929 ,exemplis
456 2841 731 2924 demonstrantur,
755 2842 835 2908 ordo
859 2843 999 2930 denique
1014 2843 1085 2929 ipse
1100 2863 1163 2928 quo
1178 2841 1282 2906 uerba
1294 2841 1421 2926 profert

273 2964 405 3029 prorsus
428 2943 555 3008 alicnus
579 2952 629 3008 est
650 2966 670 3007 a
692 2943 856 3009 Prisciani
878 2945 992 3010 ordine
1015 2956 1048 3009 01
1070 2942 1251 3009 Diomedis.
1286 2955 1361 3028 'qua
1383 2965 1420 3006 re

273 3045 378 3128 magis
406 3046 486 3110 mihi
513 3046 594 3110 hace
622 3045 746 3111 arridet
775 3049 938 3112 sententia
966 3058 1001 3113 ut
1028 3069 1086 3131 per
1114 3044 1194 3110 alios
1224 3067 1295 3109 eum
1318 3044 1420 3111 Probi

274 3149 384 3233 copias
408 3147 572 3234 recepisse
594 3147 750 3213 dicamus.
794 3149 950 3214 lemmata
976 3158 1086 3213 autem
1115 3146 1238 3213 eisdem
1261 3145 1420 3231 exemplis

273 3248 437 3314 illustrata
458 3235 492 3314 01
515 3271 534 3313 a
554 3247 664 3315 Nonio
687 3259 720 3314 01
742 3271 762 3313 a
783 3249 951 3316 Prisciano
974 3250 1026 3316 uel
1049 3250 1210 3316 Diomede
1241 3248 1305 3313 duo
1328 3257 1419 3314 sunt:

476 3408 507 3472 p.
531 3385 595 3448 412
616 3390 767 3449 bellantur
789 3387 830 3451 cf.
854 3386 956 3451 Prisc.
981 3410 1012 3471 p.
1035 3387 1108 3467 393,
1134 3385 1183 3449 16.

476 3511 508 3572 p.
531 3487 592 3551 481
616 3487 855 3552 111111011101.
879 3489 989 3553 Diom.
1012 3508 1044 3574 p.
1067 3488 1141 3553 318.

359 3623 400 3687 10
427 3623 533 3707 capite
555 3623 589 3687 X
611 3621 768 3688 nonnulla
795 3624 994 3689 conueniunt
1021 3646 1094 3688 eum
1118 3623 1285 3688 Diomedis
1309 3622 1419 3708 dispu-

274 3725 396 3789 tatione
419 3721 460 3787 de
488 3723 588 3791 dubia
614 3725 788 3790 uerborum
809 3724 1038 3810 coniugatione
1066 3734 1097 3790 et
1125 3725 1166 3789 de
1194 3723 1326 3788 diuersa
1347 3747 1420 3789 uer-

277 3825 392 3890 borum
413 3825 585 3911 positione.

275 3978 358 4043 Non.
381 4001 413 4064 p.
435 3979 508 4060 503,
531 3980 573 4043 24
601 3985 676 4044 lauit
702 3979 745 4044 cf.
769 3979 878 4045 Diom.
909 4003 939 4065 p.
962 3981 1037 4062 381,
1062 3982 1099 4044 11
1129 3979 1185 4066 qui
1214 3979 1299 4044 idem
1322 3978 1420 4044 Plau·

401 4081 508 4146 tinum
530 4080 648 4146 adfert.

275 4249 341 4314 alia
363 4250 514 4336 exempla
535 4250 660 4316 Nonius
684 4273 710 4315 0.
733 4273 765 4314 0.
788 4261 945 4330 poteratur
967 4273 1005 4316 ac
1027 4251 1206 4316 Diomedes
1229 4274 1260 4337 p.
1283 4250 1357 4332 385,
1383 4253 1423 4316 16

275 4351 420 4437 protulit.

359 4452 546 4518 Priscianus
569 4476 697 4540 quoque
719 4454 937 4540 compluriens
961 4454 1111 4520 similiter
1133 4478 1172 4519 ac
1193 4453 1333 4520 Nonius:
