3160 5126
693 307 923 402 -roa‘-

236 507 329 572 Paul.
353 531 385 593 p.
411 507 460 571 16.
505 515 617 572 arcam
637 512 781 571 sermonis
802 512 981 584 siaaificatio
1003 512 1136 572 trahitur
1158 512 1196 570 ab
1215 529 1287 571 arae
1309 529 1385 586 quae

364 615 510 672 tutissima
536 629 612 687 pars
639 619 683 672 est
709 613 791 672 urbis
816 616 879 673 stae
906 630 926 672 a
951 629 1062 687 namara
1088 615 1232 686 sacrificii
1252 615 1332 688 quod
1352 617 1384 674 tm

365 731 437 774 arae
457 717 492 787 tit
515 715 552 775 ab
575 715 741 789 araualdus
768 717 845 774 acteo
867 721 1007 775 remotum
1030 733 1050 774 a
1072 718 1178 776 matitia
1206 718 1332 791 autmari
1351 724 1385 776 ut

366 833 403 875 me
424 818 534 876 titteris
556 817 672 889 quidam
695 817 865 884 mandetur,
888 818 943 875 sed
956 833 1017 892 par
1043 819 1214 876 memoriam
1235 834 1383 878 successo·
1423 859 1427 864 -

365 934 431 978 rum
464 917 644 985 celebratum
677 920 741 978 siue
777 918 820 978 ab
850 935 940 978 arca
969 920 1005 978 im
1032 935 1103 994 qua
1132 935 1224 992 quae
1250 922 1382 980 clausa

362 1027 450 1080 sumt
471 1026 553 1078 tuta
577 1026 726 1080 maneat
747 1022 832 1080 atrias
855 1021 949 1094 ipsius
963 1023 1047 1093 ortuo
1062 1020 1099 1080 ab
1115 1021 1247 1080 arcendo
1260 1023 1383 1096 pendet.

363 1119 406 1180 ct'.
438 1117 533 1180 Varr.
567 1117 607 1180 dc
635 1117 656 1180 l.
685 1115 706 1180 l.
740 1116 782 1198 V,
812 1121 832 1197 ξ
859 1116 928 1180 128.
973 1116 1065 1182 Seru.
1099 1117 1133 1180 in
1165 1118 1265 1202 Verg.
1297 1121 1382 1183 Aen.

362 1218 389 1299 Ι,
412 1219 486 1281 262.
535 1255 537 1258 -
1038 1217 1041 1222 ’

236 1387 363 1452 accedit
385 1386 473 1472 quod
496 1385 648 1452 dubitare
671 1386 748 1450 licet
769 1410 846 1450 num
877 1389 1007 1452 omnino
1029 1387 1149 1453 lemma
1170 1409 1316 1474 arcanum
1339 1390 1380 1451 ad

236 1489 469 1552 Terentianum
492 1487 640 1553 ordinem
661 1490 834 1574 pertineat.
874 1492 1069 1553 canetenim
1091 1489 1240 1577 exemplo
1261 1491 1379 1554 Teren-

235 1589 324 1654 tiano
348 1612 453 1675 neque
476 1589 668 1654 incredibile
691 1589 821 1654 uidetur
842 1590 928 1654 hanc
949 1590 1093 1675 glossam
1109 1615 1126 1656 e
1145 1591 1279 1676 Vergilii
1294 1614 1379 1657 com-

233 1691 393 1756 mentario
417 1688 524 1777 aliquo
546 1693 719 1777 repetitam
741 1714 814 1756 esse
836 1715 909 1756 cum
931 1694 1124 1778 praesertim
1145 1693 1232 1758 idem
1255 1693 1378 1757 adfera-

233 1802 286 1856 tur
300 1792 527 1876 Vergilianum
550 1793 591 1857 ad
614 1791 699 1878 quod
715 1791 850 1858 Seruius
866 1793 1093 1859 adnotauerat.
1118 1795 1215 1879 (Aen.
1234 1796 1259 1875 Ι,
1276 1795 1364 1879 262.)

234 1961 317 2025 Non.
341 1985 373 2048 p.
397 1962 449 2044 32,
473 1962 525 2025 28.
567 1968 677 2038 aestua
699 1968 849 2038 siamifioat
869 1970 978 2026 tactum
1000 1985 1063 2027 esse
1085 1970 1195 2029 dictum
1217 1987 1237 2027 a
1249 1971 1377 2041 aestina-

360 2071 396 2126 tr's
421 2067 625 2138 facilioribus
674 2067 829 2127 Terentius
856 2068 1003 2129 Eunucho
1032 2087 1060 2129 e.
1089 2088 1120 2151 q.
1148 2088 1172 2129 s.
1229 2072 1378 2144 Verfftte'us

367 2170 474 2243 Georp.
497 2170 546 2228 tto.
569 2169 596 2231 Ι.
620 2172 717 2242 [38η.

233 2263 326 2328 Paul.
359 2288 390 2350 p.
425 2266 475 2329 96.
521 2271 574 2344 qui
603 2269 701 2329 subita
731 2269 879 2342 felicitate
910 2273 1100 2332 retrituratur
1127 2274 1216 2332 nimio
1242 2275 1378 2349 corporis

361 2378 440 2430 matu
458 2379 584 2446 praeter
604 2373 844 2432 cousuetudinem
866 2376 993 2434 exultat.
1039 2370 1082 2434 cf.
1106 2369 1197 2434 Seru.
1220 2370 1255 2431 in
1274 2369 1375 2453 Verg.

361 2469 481 2552 Georg.
505 2469 532 2550 Ι,
555 2470 628 2534 387.

232 2635 284 2700 hic
306 2660 435 2724 quoque
457 2637 646 2704 conceditur
669 2639 832 2705 dubitatio
856 2663 897 2704 an
913 2663 929 2704 e
945 2640 1136 2725 Vergiliano
1159 2641 1269 2726 potius
1292 2663 1375 2704 com·
1487 2647 1492 2654 '

232 2741 390 2803 mentario
402 2741 565 2829 posterius
578 2741 797 2808 testimonium
813 2751 959 2806 assutum
972 2743 1014 2807 sit
1025 2765 1122 2829 quam
1134 2765 1151 2806 6
1166 2742 1375 2808 Terentiano.

491 2980 554 3044 DE
576 2979 827 3046 VERBORVM
850 2979 1110 3048 ORDINIBVS.

359 3159 365 3170 ’
731 3171 827 3249 (taput
848 3172 871 3231 1.

232 3271 263 3334 p.
286 3248 338 3329 39,
361 3249 413 3312 21.

176 3403 179 3410 .
274 3348 485 3414 1611116175.
511 3353 695 3418 *incoxare
735 3337 740 3348 ⁶
792 3357 947 3441 Pompon.
973 3357 1117 3418 Pannue.

416 3453 487 3516 176.
510 3453 707 3538 condepsere
788 3459 923 3522 Homer.
945 3457 1069 3542 Odyss.

789 3559 946 3645 Pompon.
969 3557 1112 3644 Nuptiis,

417 3655 487 3718 177.
511 3657 728 3741 *uituperare
791 3662 963 3725 Terentius
986 3661 1123 3725 Andria.

420 3755 489 3820 178.
516 3756 624 3822 ordire
790 3765 901 3827 Attius
924 3763 1088 3848 Amphitr.

789 3863 904 3929 Afran.
929 3865 1098 3949 Suspecta.

416 3959 486 4025 179.
510 3959 613 4046 pilare
792 3967 910 4030 Afran.
935 3965 1106 4051 Compital.

790 4068 915 4132 Neuius
939 4067 1080 4133 Exodio.

416 4163 486 4229 180.
510 4165 668 4250 populare
790 4170 953 4233 Pacuuius
977 4169 1113 4256 Chryse.

791 4271 965 4336 Terentius
989 4271 1118 4335 Phorm.

416 4367 486 4432 181.
510 4368 625 4433 rabere
790 4372 895 4436 Varro
918 4373 1004 4436 idem
1028 4375 1100 4436 Atti
1122 4372 1208 4457 quod
1231 4373 1307 4437 Titi.

787 4472 908 4539 Caecil.
922 4473 1182 4560 Hypobolimaeo.
1191 4475 1368 4541 Rastraria.
