3160 5130
722 349 764 412 59
808 387 848 396 .-

167 520 337 606 exoipere,
363 519 397 585 id
421 519 508 605 quod
530 520 565 583 in
587 518 686 583 fontis
709 519 834 584 ratione
856 518 998 604 positum
1021 541 1093 584 esso
1115 518 1313 604 putabimus.

168 630 304 708 apparet
327 632 436 687 autem
459 620 556 685 simul
578 643 620 685 ex
642 621 703 685 hae
731 644 766 686 re
788 642 898 686 omnes
928 619 1001 686 illos
1024 619 1155 686 ordines
1188 643 1229 684 ex
1251 642 1314 684 uno

167 723 251 788 libro
279 745 351 788 esse
380 723 586 810 desumptus,
617 723 708 788 ouius
738 724 784 788 rei
813 722 875 787 hoe
902 745 1030 809 quoque
1059 721 1189 787 uidetur
1217 723 1314 786 docu-
1362 775 1365 780 .

165 836 311 892 mentum
334 827 415 889 satis
438 824 568 888 firmum
590 823 678 911 quod
694 825 845 912 exempla
860 847 901 889 ex
923 824 1037 888 eadem
1060 822 1173 889 fabula
1188 821 1315 888 adscita

165 930 201 992 in
222 949 287 992 uno
316 926 429 992 ordine
457 927 579 1013 ubique
606 927 793 992 inuenimus
821 927 1016 992 consociata.
1053 925 1101 990 sio
1130 935 1239 990 autem
1267 946 1314 988 se·

167 1038 285 1094 cuntur
307 1031 399 1116 ipsae
422 1029 569 1094 fabulae:
600 1028 802 1115 Eurysaees,
830 1029 1005 1094 Armorum
1034 1027 1209 1110 iudicium,
1239 1024 1314 1111 Oly-

166 1141 383 1212 taemnestra,
418 1131 619 1212 Oenomaus,
649 1132 841 1217 Astyanax,
873 1129 1098 1215 Melanippus,
1126 1127 1314 1215 Pelopidae,
1420 1143 1422 1150 '

166 1235 308 1315 Tereus,
325 1231 537 1313 Phoenissae,
554 1233 716 1316 Erigone,
736 1232 869 1315 Medea,
890 1230 1089 1312 Philocteta,
1105 1230 1314 1317 Amphitruo,

167 1334 484 1420 Agamemnonidae,
506 1333 700 1414 Aleumaeo,
723 1332 1013 1421 Epinausimache,
1035 1330 1216 1420 Telephus,
1237 1331 1314 1418 Epi-

165 1439 260 1521 goni,
283 1437 465 1529 Antigone,
489 1435 668 1502 Stasiastae
689 1434 742 1500 uel
757 1437 961 1522 Tropaeum,
977 1433 1203 1514 Andromeda,
1224 1434 1313 1518 Myr·

166 1539 330 1619 midones,
347 1538 522 1604 Aeneadae
537 1547 594 1603 aut
608 1539 731 1603 Deoius
739 1589 748 1622 ,
764 1539 943 1618 Athamas,
961 1535 1127 1618 Bacchae,
1142 1533 1314 1616 Phinidae,

165 1639 413 1726 Neoptolemus,
437 1640 674 1727 Alphesiboea,
698 1640 879 1725 Meleager,
902 1637 1141 1723 Diomedes.²⁰)

251 1742 396 1807 Restitui
418 1744 504 1808 hune
531 1743 719 1808 fabularum
747 1743 895 1808 ordinem
922 1751 1081 1830 quantum
1109 1739 1179 1804 fieri
1206 1739 1315 1826 potuit

166 1867 208 1908 ex
231 1844 278 1908 eis
302 1865 385 1928 quae
408 1853 523 1909 extant
545 1845 703 1910 seriebus.
740 1854 817 1909 sunt
837 1845 969 1931 quidem
990 1841 1124 1908 fabulae
1139 1841 1314 1906 nonnullae

166 1968 251 2032 quae
274 1968 338 2032 qua
365 1946 400 2009 in
427 1956 521 2032 parte
550 1945 673 2012 fuerint
695 1948 764 2011 eius
787 1946 863 2012 libri
892 1968 988 2033 quem
1010 1945 1135 2010 Nouius
1165 1943 1315 2010 adhibuit

101 2073 103 2075 ’
165 2048 346 2132 nescimus,
369 2048 524 2132 quoniam
545 2048 580 2110 in
602 2045 771 2114 ordinibus
793 2047 863 2113 loeo
880 2049 1035 2134 primario
1050 2069 1212 2132 nusquam
1229 2067 1313 2111 oom-

165 2157 401 2214 memorantur:
426 2147 580 2222 Achilles,
598 2150 790 2234 Aegisthus,
805 2150 1043 2234 Antenoridae,·
1058 2149 1194 2234 Atreus,
1213 2147 1313 2233 Ohry-

169 2252 299 2338 sippuS,
316 2245 546 2336 Nyctegresia,
562 2250 792 2333 Prometheus,
808 2252 962 2334 Thebais,
978 2251 1135 2317 Troades.
1169 2250 1313 2336 Deipho-

165 2353 228 2418 bus
251 2352 382 2438 quidem
399 2353 537 2418 Attiana
558 2353 591 2416 in
614 2351 727 2418 ordine
750 2364 895 2419 extremo
918 2351 1025 2419 loeum
1048 2353 1173 2419 obtinet
1194 2353 1313 2439 primu·

165 2455 267 2536 rium,
291 2476 364 2518 oum
380 2462 488 2518 tamen
502 2452 611 2518 nullae
626 2463 804 2540 sequantur
818 2455 968 2538 fabulae,
991 2479 1032 2520 ne
1048 2454 1089 2520 de
1104 2455 1166 2530 hae
1180 2453 1314 2540 quidem

166 2564 305 2620 constat.
1136 2563 1139 2571 '

251 2658 372 2723 Tribus
394 2653 474 2722 loeis
502 2680 576 2722 eum
605 2658 761 2723 recedant
783 2660 881 2724 series
911 2658 1031 2725 abillo
1060 2683 1156 2746 quem
1184 2660 1314 2724 restitui

119 2805 122 2812 »
167 2759 278 2825 ordine
306 2759 510 2842 fabularum,
546 2760 604 2825 uix
631 2760 813 2825 timendum
847 2770 897 2826 est
924 2784 982 2826 eae
1010 2784 1050 2826 ne
1078 2762 1156 2849 quid
1189 2761 1314 2825 faciant

166 2871 281 2927 contra
303 2862 565 2928 obseruationem
586 2873 749 2946 nostram3
772 2886 913 2949 namque
928 2886 960 2949 p.
976 2863 1038 2927 463
1059 2868 1208 2927 Phinidae
1236 2873 1313 2927 ante

170 2967 293 3030 Tereum
311 2964 536 3047 nominantur,
560 2987 592 3050 p.
607 2959 735 3051 see'sq.
758 2970 923 3030 Philocteta
938 2963 1022 3028 male
1038 2966 1187 3049 sequitur
1202 2969 1310 3044 Alphe-

166 3071 293 3130 siboeom
309 3087 414 3153 neque
430 3074 590 3132 Aleumoeo
604 3076 678 3152 apte
693 3067 867 3152 posthanc
882 3063 1028 3131 fabulam
1044 3066 1186 3152 ponitur,
1201 3089 1233 3152 p.
1249 3066 1312 3131 485

168 3178 297 3254 praeter
315 3167 444 3234 solitam
459 3167 564 3253 legem
579 3172 743 3233 Oenomum
763 3178 839 3232 ante
851 3171 1008 3232 Armorum
1024 3173 1166 3233 iudicium
1182 3165 1311 3253 legitur.

252 3271 323 3336 Iam
346 3272 375 3336 si
397 3271 439 3336 ab
461 3270 523 3336 hae
545 3271 774 3336 obseruatione
797 3269 1047 3357 proficiscimur,
1072 3269 1133 3335 hoo
1154 3269 1227 3335 luce
1249 3268 1312 3335 ola-

168 3374 233 3437 rius
256 3384 395 3460 apparet
417 3395 459 3438 ex
480 3396 544 3438 uno
568 3370 652 3438 libro
675 3373 805 3437 ordines
828 3373 909 3439 istos
931 3371 1066 3437 fluxisse
1094 3394 1157 3460 quo
1181 3373 1313 3461 quidem

167 3461 477 3542 Attianae'fabulae
505 3483 666 3541 tractatae
693 3474 831 3558 fuerint,
861 3497 962 3562 quare
989 3473 1043 3540 hie
1070 3497 1199 3562 quoque
1229 3475 1313 3542 duae

171 3652 397 3660 ——m

233 3749 276 3812 26)
305 3750 335 3800 fit
363 3754 456 3802 autem
484 3751 635 3802 uerisimile
664 3768 698 3802 ex
724 3750 778 3802 hae
807 3750 999 3802 obseruatione
1023 3752 1163 3818 Erigonam
1191 3758 1218 3803 et
1241 3754 1312 3818 Apo-

167 3837 335 3885 memnonidas
358 3834 485 3886 diuersas
508 3835 595 3885 fuisse
619 3835 729 3887 fabulas
752 3840 781 3886 et
799 3837 992 3886 Aleamaeonem
1014 3836 1097 3888 aliam
1121 3837 1207 3887 fuisse
1231 3852 1312 3901 quam

168 3921 374 3984 Alphesiboeam,
400 3920 471 3984 quod
494 3921 604 3985 quidem
629 3925 801 3986 negauerunt
820 3921 1031 3988 Grotemeyerus
1050 3921 1094 3986 (de
1113 3923 1145 3974 L.
1165 3921 1234 3971 Attii
1253 3925 1311 3970 tra-

168 4004 273 4068 goediis
291 4021 317 4070 p.
335 4004 378 4069 55)
399 4010 427 4054 et
448 4004 619 4056 Ribbeelrius
639 4006 749 4070 (tragic.
775 4006 823 4057 lat.
846 4023 872 4072 p.
891 4007 966 4072 323),
986 4007 1151 4058 Welekerus
1171 4001 1216 4068 (de
1239 4010 1312 4070 trag.

169 4089 264 4140 Graec.
275 4107 300 4154 p.
311 4092 361 4140 279
371 4089 442 4156 sqq.)
456 4095 484 4140 et
494 4090 665 4142 Ribbeekius
678 4090 706 4155 (l.
717 4090 758 4151 1.).
781 4091 879 4156 quodsi
891 4093 1012 4155 Achilles,
1026 4092 1171 4156 Aegisthus,
1187 4092 1311 4156 Troades,

169 4174 358 4234 Antenoridae,
386 4176 494 4226 Thebais
516 4175 576 4226 loco
599 4176 729 4242 primario
752 4193 807 4226 non
825 4178 1014 4240 nominantur,
1037 4177 1100 4228 inde
1119 4175 1171 4228 hoe
1191 4177 1311 4230 fortasse

169 4258 322 4324 explicatur
345 4261 416 4325 quod
441 4257 553 4310 fabulae
574 4260 639 4311 illae
664 4261 778 4312 eaedem
802 4262 912 4312 luerunt
937 4266 1021 4326 atque
1043 4261 1230 4326 Myrmidones,
1256 4263 1312 4328 Gly-

169 4351 338 4409 taemnestra,
366 4346 519 4410 Astyanaor,
548 4347 708 4410 Deiphobus,
738 4329 907 4408 Phoenissae]
933 4345 1004 4411 quod
1027 4345 1138 4410 quinam
1160 4346 1214 4395 uiri
1237 4347 1313 4398 dooti

170 4428 266 4478 stubi
295 4431 501 4492 contenderint,
524 4430 650 4481 inuenies
678 4431 751 4496 apud
774 4432 939 4482 'Teuffeliuru
966 4431 993 4479 in
1019 4432 1251 4484 commentatione
1276 4434 1310 4484 de

171 4511 294 4565 Caecilio
313 4515 417 4578 Statio,
437 4515 574 4579 Pacuuio,
594 4516 683 4580 Attio,
704 4516 817 4568 Afranio
836 4517 979 4582 Tubingae
999 4531 1072 4567 anno
1093 4517 1157 4568 1858
1176 4516 1262 4580 edita,
