3160 5130
722 296 935 358 -64,

121 505 126 512 -
143 474 147 480 “
259 476 357 554 eaput
375 467 548 553 septimum
563 476 743 548 manasset,
766 488 867 530 unum
883 463 1033 550 idemque
1055 462 1173 528 lemma
1187 463 1314 529 Nonius
1330 485 1404 549 pro-

257 568 343 633 fecto
375 591 442 634 non
469 567 569 631 uariis
603 566 683 632 loeis
717 577 749 632 et
781 569 815 632 in
844 566 981 632 diuersis
1014 565 1183 632 ordinibus
1218 574 1404 630 tractasset.

257 669 315 756 (cl.
336 676 466 750 partirer
483 691 515 754 p.
532 669 606 751 472,
631 668 671 732 to
693 677 725 732 et
742 675 862 749 partire
884 691 916 754 p.
938 668 1013 750 475,
1036 667 1078 732 20
1101 677 1132 731 et
1153 664 1244 751 alia).
1282 685 1346 752 qua
1368 689 1404 730 re

258 774 292 836 in
313 771 397 836 hanc
426 771 538 836 trahor
560 769 779 856 suspicionem
801 792 843 834 ex
872 770 993 834 eisdem
1016 769 1256 834 commentariis
1285 768 1320 832 in
1341 768 1405 832 hoe
1461 796 1464 802 ·
1570 815 1572 842 ,

158 914 161 921 -
257 895 386 960 quoque
414 873 521 959 cellite
549 870 691 935 Nonium
719 871 821 935 multa
848 880 1033 938 mutuatum
1061 893 1132 935 esse
1160 869 1308 937 adhibito
1338 869 1403 934 for-

258 985 345 1041 tasse
374 984 544 1061 praeterea
571 973 634 1038 hoe
662 971 714 1037 uel
742 974 799 1038 illo
822 973 1054 1059 grammatico,
1083 973 1192 1059 Capro
1220 970 1272 1036 uel
1295 969 1401 1036 Plinio

256 1076 308 1142 uel
331 1078 430 1142 etiam
453 1075 571 1142 Probo.

257 1230 343 1295 Non.
367 1252 399 1315 p.
422 1229 498 1294 485.
534 1213 616 1292 iteris
636 1235 762 1309 positum
780 1250 843 1309 pro
870 1235 984 1293 itineris
1010 1234 1177 1308 etquidem
1199 1239 1279 1293 reete
1300 1233 1338 1293 ab
1359 1247 1402 1304 ea,

381 1335 462 1410 quod
482 1338 538 1395 iter
560 1337 643 1395 iteris
668 1333 763 1408 fucit,
792 1337 880 1395 itiner
903 1321 1026 1394 itineris.
1070 1335 1234 1394 Naeuius
1262 1335 1402 1410 Lyeur-

382 1454 444 1511 po:
466 1438 605 1511 ‘iqnoti
625 1437 735 1495 iteris
756 1453 894 1506 smnus,-
915 1444 992 1496 tute
1013 1440 1109 1496 scis'
1147 1455 1175 1497 e.
1198 1456 1230 1520 q.
1254 1455 1280 1496 s.

256 1534 382 1599 Charis.
406 1557 438 1620 p.
461 1534 504 1598 49
525 1535 568 1598 Κ.
606 1539 684 1598 idem
707 1539 765 1598 iter
784 1545 815 1597 et
841 1540 929 1598 itiner
950 1555 1008 1598 non
1037 1556 1077 1598 ex
1104 1553 1139 1598 eo
1166 1540 1247 1612 quod
1272 1545 1316 1597 est
1336 1540 1401 1607 iter,

383 1643 438 1701 sed
457 1657 498 1700 ex
519 1656 553 1699 eo
575 1640 656 1714 quod
675 1646 719 1699 est
738 1643 840 1707 itiner,
864 1643 979 1701 itineris
997 1639 1089 1713 fucit.

255 1740 354 1804 Prisc.
370 1762 402 1825 p.
418 1739 492 1820 229,
515 1738 535 1802 2
552 1739 594 1802 Η.
631 1742 688 1801 hoe
702 1743 767 1816 iter,
793 1742 918 1802 dicimus
932 1744 1009 1802 enirn
1025 1742 1113 1802 auius
1134 1743 1250 1802 itineris
1265 1743 1402 1816 quamuis

382 1846 497 1919 antiqui
523 1851 552 1904 et
576 1845 633 1905 loc
661 1847 718 1903 iter
739 1846 820 1903 iteris
847 1851 877 1903 et
903 1845 961 1905 lroa
988 1834 1078 1904 ittit'er
1104 1846 1220 1904 itineris
1247 1844 1399 1904 dixerunt.

382 1947 509 2006 Plautus
530 1948 561 2005 in
584 1946 758 2006 Mercatore
780 1964 808 2005 e.
831 1964 862 2028 q.
886 1965 912 2006 s.

381 2048 546 2108 Naeuius
567 2047 896 2123 Lyeurpo:ipnoti
916 2049 1023 2108 iteris
1045 2065 1184 2117 sumus;
1214 2054 1293 2108 tute
1314 2050 1399 2107 seis.

254 2146 337 2210 Non.
361 2167 395 2231 p.
417 2145 491 2228 485,
517 2145 566 2210 12.
604 2151 732 2210 exerciti
757 2153 806 2209 uel
830 2151 991 2210 exereituis
1014 2166 1073 2225 pro
1100 2153 1259 2210 exereitus.
1305 2149 1400 2210 Altius

383 2253 542 2311 Armorum
565 2252 674 2312 iudicio
696 2269 724 2311 e.
748 2270 778 2334 q.
803 2271 828 2312 s.
1490 2237 1493 2242 Δ

253 2349 380 2414 Charis.
398 2372 429 2436 p.
450 2349 521 2414 128.
550 2356 694 2415 eneraiti:
718 2354 772 2413 Gn.
791 2354 922 2416 Naeuius
941 2356 1012 2415 belli
1027 2355 1133 2414 Punici
1152 2353 1263 2414 libro!
1281 2371 1308 2413 e.
1325 2372 1355 2435 q.
1372 2372 1397 2413 s.

253 2450 338 2516 Non.
361 2473 394 2537 p.
417 2451 491 2534 487,
519 2452 565 2516 18.
605 2458 777 2516 antistitum.
817 2459 915 2517 Attius
939 2458 1117 2532 Astyanacte
1140 2475 1167 2517 e.
1192 2475 1225 2539 q.
1248 2475 1274 2517 s.

254 2552 381 2619 Charis.
401 2576 434 2639 p.
460 2539 542 2619 100.n
565 2567 594 2618 et
620 2561 743 2617 antistes
771 2557 858 2618 habet
885 2562 1064 2633 antistitum,
1092 2566 1124 2619 ut
1154 2561 1251 2619 Varro
1282 2560 1398 2619 diuina·
1438 2637 1440 2640 Ι

380 2675 448 2720 rum
471 2659 546 2718 IIII
565 2678 590 2719 e.
613 2678 645 2742 q.
668 2678 696 2719 s.

256 2757 342 2822 Non.
364 2779 397 2844 p.
413 2757 488 2840 487,
511 2758 564 2821 20.
594 2763 706 2835 pemiti.
746 2762 901 2822 Plautus
917 2763 1139 2824 Aulularia:
1162 2767 1317 2822 ‘tantum
1338 2780 1398 2837 pe-

382 2866 462 2923 miti
482 2871 517 2924 et
539 2867 660 2923 malae
682 2867 895 2924 maestitiae
917 2867 1086 2926 militie
1107 2866 1188 2925 (lies
1210 2866 1368 2926 obtulit?

254 2963 357 3026 Prisc.
385 2984 418 3047 p.
440 2960 514 3026 258.
558 2966 650 3025 itlem
679 2967 715 3024 in
744 2967 951 3027 Aulularia
980 2967 1103 3027 ‘liuius
1127 2969 1272 3041 perniti’
1302 2968 1398 3027 elisit.-

378 3071 538 3128 ‘tantum
559 3070 689 3142 aemili
709 3075 744 3127 et
765 3070 888 3129 malae
909 3073 1122 3130 maestitiae
1137 3071 1226 3130 mili
1245 3071 1305 3129 iiie
1320 3071 1399 3129 dies

381 3170 536 3248 obtulit,
556 3169 670 3243 famem
693 3176 722 3229 et
737 3174 939 3246 pauperiem?

252 3266 336 3330 Non.
359 3290 391 3353 p.
413 3267 487 3347 488,
513 3268 562 3331 11.
596 3273 685 3346 slucti
702 3288 761 3347 pro
778 3276 898 3347 fluetus.
931 3275 1028 3334 Attius
1053 3272 1178 3350 Telepho
1200 3293 1227 3334 e.
1250 3293 1281 3357 q.
1306 3292 1330 3334 s.

253 3367 381 3431 Charis.
413 3368 483 3451 143,
515 3367 565 3431 12.
606 3376 738 3434 senatuis
769 3381 802 3433 ut
830 3378 960 3450 fluctuis.
1006 3377 1060 3436 ‘ita
1087 3379 1273 3450 aenettuum’
1305 3377 1400 3451 inquit

378 3473 493 3533 Plinius
516 3474 743 3535 ‘declinabant’

712 3630 940 3639 ..—.,.....—-.

337 3725 420 3792 Sunt
447 3726 549 3811 igitur
575 3727 610 3792 in
641 3728 757 3814 capitis
780 3728 866 3794 VIII
894 3729 1065 3796 ordinibus
1089 3731 1258 3817 quaedam
1287 3730 1398 3795 simili-

251 3827 381 3894 tudines
405 3829 490 3893 inter
511 3829 653 3894 Nonium
683 3841 715 3894 et
737 3831 940 3895 Priscianum
963 3830 1221 3920 Charisiumque.
1259 3855 1397 3919 quorum

251 3932 392 4017 priorem
421 3952 495 3996 oum
523 3932 701 3996 uerisimile
729 3935 772 3997 sit
800 3931 942 3996 Plinium
970 3935 1128 4018 maxime,
1156 3957 1252 4021 quem
1282 3933 1397 4000 crebro

250 4034 412 4116 nominat,
441 4056 500 4120 pro
529 4044 661 4098 auctore
683 4033 856 4115 habuisse,
886 4035 969 4099 alter
996 4045 1105 4100 autem
1133 4038 1160 4100 si
1182 4034 1327 4101 Keilium
1350 4059 1397 4101 se-

251 4136 380 4220 quimur
407 4158 425 4199 e
453 4135 538 4201 Iulio
567 4135 713 4200 Romano
741 4137 897 4221 pendeat,
926 4139 1036 4223 quiet
1062 4141 1134 4224 ipse
1156 4137 1260 4203 Plinio
1284 4140 1396 4203 Sueto-

250 4237 370 4322 nioque
392 4245 424 4301 et
447 4236 518 4302 aliis
541 4236 717 4318 studuerit,
741 4247 1026 4305 commentatorem
1042 4242 1140 4304 etiam
1161 4262 1256 4327 quem
1273 4241 1397 4304 Nonius

145 4382 147 4387 .
250 4337 401 4402 adhibuit
428 4337 556 4404 illorum
585 4340 869 4426 grammaticorum
904 4344 1014 4428 copias
1043 4365 1107 4407 non
1141 4344 1303 4427 refugisse
1330 4365 1396 4406 cre-

164 4465 171 4484 ·
251 4437 376 4504 demus.
