3160 5130
244 1349 358 1466 Quam
380 1393 562 1462 instituturi
586 1416 695 1458 sumus
719 1393 943 1481 quaestionem
966 1391 1006 1455 de
1034 1390 1181 1456 lontibus
1205 1391 1303 1458 Nonii

158 1494 323 1577 Marcelli,
353 1517 424 1558 eam
453 1496 614 1560 artissime
642 1517 714 1559 esse
745 1516 903 1559 conexam
925 1516 999 1558 cum
1025 1491 1084 1556 illa
1106 1493 1145 1557 de
1174 1515 1302 1580 compo-

159 1597 276 1663 sitione
306 1596 379 1661 libri
410 1596 551 1661 Noniani
579 1599 637 1662 uix
667 1607 718 1661 est
752 1596 840 1683 quod
867 1618 1064 1660 moneamus.
1116 1618 1188 1660 cum
1217 1596 1302 1660 enim

160 1698 258 1764 semel
285 1709 491 1784 perspectum
519 1699 712 1763 habebimus
742 1721 806 1784 qua
839 1697 970 1762 tandem
998 1698 1124 1762 ratione
1153 1718 1301 1783 compen-

160 1802 270 1866 diosae
293 1801 459 1864 doetrinae
482 1802 590 1886 copias
614 1801 814 1884 congesserit
837 1800 961 1865 Nonius
985 1809 1018 1863 et
1040 1800 1134 1886 quasi
1160 1799 1302 1886 undique

160 1905 349 1984 corroserit,
379 1902 480 1967 multo
508 1900 637 1966 facilius
666 1903 735 1966 sine
766 1901 866 1966 dubio
893 1900 1115 1966 intellecturos
1144 1923 1203 1967 nos
1232 1923 1303 1965 esse

125 2079 127 2083 ,
160 1993 291 2092 sperare
313 2005 399 2085 licet,
426 2002 532 2090 qualis
555 2003 694 2068 fontium
716 2005 800 2071 ratio
825 2004 932 2067 fuerit.
971 2025 1075 2090 neque
1097 2004 1303 2068 immemores

160 2107 256 2171 huius
290 2107 338 2170 rei
365 2107 468 2169 fuisse
498 2104 646 2170 uidemus
676 2129 731 2172 eos
761 2107 849 2171 uiros
879 2104 1009 2187 doctos,
1038 2106 1093 2192 qui
1123 2104 1229 2169 adhuc
1256 2106 1302 2169 rei
1353 2121 1357 2128 '

160 2209 349 2294 propositae
376 2229 509 2293 operam
537 2215 711 2272 nauarunt.
757 2208 919 2272 Martinus
948 2207 1034 2270 enim
1062 2208 1219 2274 Hertzius
1248 2209 1302 2293 qui

160 2310 467 2374 commentationem
502 2307 802 2394 splendidissimam
838 2309 969 2394 scripsit
997 2309 1037 2372 de
1065 2310 1105 2372 A.
1136 2308 1244 2374 Gellio
1272 2320 1304 2372 et

160 2411 265 2476 Nonio
288 2408 477 2497 Marcello¹)
501 2412 542 2474 A.
567 2409 708 2475 Gellium
738 2411 928 2497 saepissime
951 2433 971 2474 a
992 2410 1099 2477 Nonio
1124 2411 1165 2476 ad
1192 2421 1302 2496 partes

161 2535 231 2576 esse
253 2520 405 2576 uocatum
428 2496 503 2576 cum
525 2513 625 2576 uariis
648 2512 752 2577 modis
776 2512 928 2577 tumbae
951 2513 1155 2598 potissimum
1177 2516 1303 2578 ratione

159 2614 252 2677 nobis
280 2614 458 2700 persuasit,
487 2622 525 2677 ut
551 2614 668 2699 longos
697 2612 828 2679 ordines
856 2612 1045 2679 lemmatum
1072 2624 1186 2678 extare
1216 2614 1303 2700 apud

111 2743 114 2747 ·
159 2715 299 2780 Nonium
323 2715 570 2798 demonstraret,
595 2739 676 2802 quos
700 2739 717 2780 e
734 2715 833 2781 Gellii
852 2717 1002 2782 noctibus
1017 2715 1136 2780 Atticis
1152 2738 1304 2780 manasse

160 2840 254 2883 nemo
276 2817 389 2882 uidere
412 2820 533 2904 nequit,
558 2818 614 2904 qui
636 2818 677 2883 ad
699 2817 896 2903 singularem
911 2828 944 2882 et
958 2839 1066 2882 rerum
1083 2828 1115 2882 et
1130 2819 1303 2884 uerborum

161 2921 244 2982 inter
267 2929 439 3004 utrumque
463 2921 652 3005 scriptorem
671 2929 865 2984 concentum
882 2922 1025 2984 animum
1041 2919 1231 2997 aduerterit,
1247 2920 1303 3006 qui

25 3075 33 3086 .
162 3022 302 3107 denique
316 3020 459 3086 Nonium
484 3022 613 3086 easdem
637 3043 688 3086 res
713 3021 827 3085 eodem
851 3031 947 3107 atque
964 3020 1105 3086 Gellium
1130 3019 1243 3084 ordine
1258 3021 1305 3084 ita

161 3122 306 3208 proferre
329 3124 529 3208 respexerit,
558 3130 679 3187 utnon
703 3120 807 3186 solum
829 3122 986 3189 librorum
1010 3123 1068 3187 sed
1096 3122 1196 3187 etiam
1219 3122 1303 3208 capi-

161 3235 246 3306 tum,
276 3223 354 3310 quin
384 3223 482 3287 etiam
516 3223 799 3310 paragraphorum
827 3225 972 3310 ipsarum
1006 3225 1086 3290 ordo
1120 3225 1238 3288 mirum
1271 3225 1304 3287 in
1345 3230 1348 3234 ’

160 3325 291 3390 modum
314 3325 502 3392 retineatur.
546 3325 630 3390 hanc
657 3326 758 3412 igitur
785 3329 944 3392 rationem
966 3329 1000 3390 in
1023 3327 1182 3392 Gellianis
1210 3326 1304 3391 libris

162 3429 373 3514 excerpendis
387 3436 517 3504 secutus
530 3450 599 3490 esse
611 3428 738 3494 Nonius
755 3430 921 3514 putandus
938 3439 999 3510 est,
1017 3438 1053 3493 ut
1069 3428 1168 3494 Gellii
1184 3433 1306 3516 scripta

162 3528 203 3591 ab
231 3528 323 3592 initio
353 3530 427 3592 inde
457 3551 560 3615 usque
588 3519 631 3593 ad
657 3530 754 3594 finem
781 3530 1002 3617 peruolueret,
1037 3553 1120 3617 quae
1150 3533 1306 3596 memoria

162 3629 321 3715 imprimis
338 3631 437 3716 digna
452 3631 522 3694 siue
538 3630 581 3694 ad
597 3653 690 3695 suum
712 3630 831 3697 librum
848 3642 926 3718 apta
948 3643 1105 3715 censeret,
1124 3655 1163 3697 ea
1185 3633 1304 3697 exscri-

162 3730 263 3796 beret.
309 3732 375 3795 iam
403 3732 504 3818 igitur
533 3754 605 3796 cum
632 3732 731 3797 semel
761 3724 998 3820 compilationis
1026 3735 1139 3798 uideas
1163 3735 1303 3799 Nonium

163 3834 347 3896 conuictum
369 3834 467 3922 idque
491 3836 690 3918 argumentis
721 3834 840 3920 quibus
863 3837 1009 3903 firmiora
1035 3837 1181 3900 inuenies
1204 3833 1304 3915 nulla,

163 3933 299 3998 aliorum
322 3957 451 4022 quoque
481 3931 602 3999 s'crinia
628 3935 742 4001 eadem
771 3936 896 4002 ratione
919 3960 992 4002 eum
1021 3936 1212 4024 compilasse
1234 3938 1303 3999 iure

163 4048 218 4102 tuo
243 4037 473 4122 suspicaberis.
505 4060 609 4122 neque
632 4037 766 4102 defuere
789 4041 962 4125 quiquam
985 4040 1101 4104 leuiter
1118 4045 1160 4102 'ac
1183 4048 1303 4102 temere

164 4135 243 4200 alibi
268 4139 365 4202 etiam
388 4161 455 4202 rem
480 4141 620 4222 gesserit
643 4139 769 4205 Nonius
793 4152 975 4226 arguerent.
1020 4139 1182 4224 Riesius2)
1206 4139 1302 4221 enim,

228 4378 256 4452 Al)
277 4379 318 4428 Cf.
340 4379 516 4428 Fleclreiseni
535 4381 627 4430 arnnal.
648 4381 712 4445 phil.
731 4382 785 4432 nol.
803 4385 836 4432 ab
855 4399 879 4447 p.
900 4385 948 4432 705
967 4398 1025 4446 sqq.
1047 4338 1172 4449 quqq,

232 4458 264 4528 ‘ll‘
278 4463 396 4528 Symbol.
417 4463 511 4528 philol.
530 4466 615 4516 Bonn.
639 4482 663 4530 p.
683 4467 731 4516 483
751 4481 808 4530 sqq.

214 4541 318 4589 Schmidt,
333 4543 359 4582 do
373 4543 435 4583 Nonii
450 4544 542 4584 blarrelli
557 4551 610 4587 auct.
627 4557 716 4595 gramm.
1085 4559 1099 4612 1
