3160 5126
668 343 899 407 «140-

211 515 373 600 legantur.
418 536 501 599 quae
532 511 617 578 unde
653 514 828 598 sumpserit
861 510 1092 580 difficillimum
1119 524 1168 579 cst
1195 514 1360 598 iudicatu,

211 618 284 704 quis
322 617 409 682 enim
443 636 553 679 omnes
586 614 660 679 illas
693 614 843 680 minimas
878 614 1056 699 particulas
1084 615 1119 678 in
1141 627 1208 682 tam
1231 627 1361 682 uastam

211 716 411 801 farraginem
433 715 576 802 undique
599 723 771 804 congestas
795 738 813 780 e
834 717 982 782 fontibus
1005 739 1078 782 cum
1106 717 1267 782 abstrusis
1290 718 1360 782 fore
1374 770 1386 802 Ι.

213 828 246 884 ct
267 839 424 906 perquam
446 816 625 884 reconditis
649 815 718 883 tum
739 817 837 884 hodie
859 819 1036 904 maximam
1063 828 1188 904 partem
1211 819 1360 905 deperdit

213 921 256 986 tis
287 920 329 985 ad
362 942 474 984 ueram
506 941 544 984 ac
566 921 732 1008 propriam
761 919 919 1004 originem
952 919 1077 992 calebit
1109 942 1274 986 reuocare.
1319 945 1360 986 nc

214 1034 322 1089 tamen
345 1021 572 1108 neglegentiae
595 1022 642 1086 rei
664 1020 821 1102 dicamur,
837 1021 918 1108 'ipsa
940 1023 1145 1088 conferamus
1164 1045 1237 1087 cum
1253 1021 1360 1090 Nonio

212 1147 250 1188 ea
273 1125 396 1210 scriptu
426 1145 509 1208 quae
538 1145 596 1209 pro
625 1123 772 1189 fontibus
801 1124 831 1188 ei
854 1146 926 1188 esse
952 1133 1141 1208 potuerunt.
1184 1146 1248 1210 qua
1269 1125 1304 1188 in
1325 1147 1361 1188 re

211 1227 273 1291 hoc
295 1246 492 1311 praemoneo
516 1224 644 1290 silentio
667 1247 718 1289 me
740 1225 1048 1312 praetermissurum
1078 1247 1150 1290 esse
1166 1226 1361 1310 quibuscum

212 1327 381 1392 Nouianae
416 1328 529 1414 copiae
566 1326 656 1392 nullo
689 1327 785 1394 modo
822 1327 1013 1412 conspirant
1039 1337 1075 1392 ut
1103 1327 1149 1390 M.
1178 1326 1361 1391 Antonium

212 1427 421 1514 Gniphcnem
443 1429 500 1515 qui
528 1427 569 1492 de
598 1451 746 1494 sermone
768 1427 870 1494 latino
893 1429 1066 1514 scripsisse
1089 1428 1203 1509 fertur,
1226 1429 1359 1493 Ateium

210 1529 416 1615 Philologum
432 1533 488 1616 qui
504 1528 623 1596 librum
638 1530 911 1616 glossematorum
927 1529 1069 1594 edidisse
1085 1530 1215 1612 dicitur,
1239 1529 1360 1596 Iulium

211 1632 387 1698 Caesarem
410 1654 507 1719 quem
529 1654 623 1697 nemo
646 1633 749 1698 nescit
772 1631 812 1696 de
835 1631 987 1717 analogia
1008 1630 1110 1697 libros
1126 1632 1359 1720 composuisse,

211 1733 302 1799 alios.
347 1756 452 1820 neque
476 1733 517 1799 de
540 1735 587 1798 eis
616 1756 745 1810 rursum
776 1733 936 1798 disserere
965 1733 1185 1818 necessarium
1214 1734 1296 1798 duxi
1319 1735 1360 1798 de

211 1835 329 1921 quibus
353 1857 454 1922 supra
476 1838 613 1923 exposui
628 1837 663 1900 in
677 1835 939 1920 Vergilianorum
954 1835 1104 1900 ordinum
1120 1834 1358 1920 disquisitione,

211 1937 252 2000 de
281 1935 364 2002 Iulio
401 1937 569 2018 Modesto,
607 1937 747 2002 Aemilio
775 1938 901 2021 Aspro,
938 1936 1031 2002 Velio
1058 1937 1191 2020 Longo,
1220 1935 1359 2002 Helenio

215 2039 346 2103 Acrone
368 2039 563 2124 ceterisque.

558 2261 615 2324 De
637 2259 677 2326 L.
699 2258 816 2326 Aelio
838 2259 1008 2326 Stilone.
1064 2256 1068 2266 '

296 2430 393 2494 Hunc
416 2430 554 2495 Constat
575 2386 826 2517 interpretatrim
848 2452 920 2495 esse
941 2452 1072 2494 carmen
1088 2429 1215 2496 Saliare
1234 2442 1266 2498 et
1288 2431 1359 2498 XII

211 2529 357 2613 tabulas,
382 2532 552 2618 scripsisse
565 2524 616 2596 'de
638 2529 834 2618 proloquiis,
858 2531 1000 2596 indicem
1026 2531 1212 2598 fabularum
1235 2532 1357 2598 Plauti·

210 2655 326 2697 narum
363 2634 597 2728 composuisse.
641 2632 787 2697 Terentii
823 2643 931 2698 autem
959 2632 1088 2698 fabulas
1126 2637 1357 2702 commentario

211 2757 284 2798 cum
306 2743 514 2821 persecutum
537 2758 608 2800 esse
630 2735 814 2821 librumque
830 2735 870 2800 de
886 2734 1086 2826 etymologia
1101 2735 1245 2801 edidisse
1259 2759 1358 2822 nega-

209 2838 258 2901 uit
281 2835 543 2901 Graefenhanius
573 2836 610 2922 (l.
632 2836 654 2900 l.
683 2837 718 2901 ΙΙ
745 2860 778 2923 p.
801 2837 889 2922 253).
935 2836 1023 2922 quod
1050 2846 1124 2903 utut
1152 2860 1225 2902 sese
1247 2839 1357 2922 habet,

210 2937 253 3002 ad
287 2937 429 3002 Nonium
465 2960 567 3025 usque
594 2943 715 3026 scripta
741 2941 810 3003 eius
838 2938 897 3003 uix
929 2939 1125 3004 crediderim
1157 2942 1356 3026 peruenisse,

209 3041 308 3104 immo
331 3040 372 3105 ab
402 3039 476 3104 aliis
504 3038 560 3103 ille
583 3061 666 3126 quae
689 3041 872 3106 communia
893 3039 994 3106 habet
1016 3062 1089 3104 cum
1112 3040 1238 3107 Stilone
1265 3064 1356 3108 acce-

209 3141 297 3227 pisse
326 3141 492 3228 putandus
523 3152 582 3207 est.
626 3164 709 3228 quae
742 3152 852 3208 autern
886 3143 1074 3228 conspirant
1102 3142 1253 3208 Noniana
1280 3166 1354 3210 eum

210 3241 336 3309 Stilone
357 3243 440 3310 haec
462 3253 554 3308 sunt:

210 3463 294 3528 Non.
316 3485 349 3549 p.
372 3462 423 3528 56.
465 3472 649 3544 petauristas
672 3487 691 3528 a
713 3471 861 3530 celeribus
886 3470 1064 3530 dicebantur
1086 3472 1139 3545 qut
1159 3473 1283 3532 saltibus
1305 3476 1355 3534 uel
1439 3467 1442 3472 ’

335 3571 460 3630 schemis
474 3572 633 3631 leuioribus
647 3579 857 3642 mouerentur‚·
872 3579 907 3632 'et
921 3573 997 3631 haec
1010 3575 1183 3648 proprietas
1198 3591 1217 3632 α
1235 3575 1353 3634 Graeca

336 3675 537 3734 nominatione
559 3674 711 3734 descendit
733 3663 799 3734 ἀπὸ
821 3672 882 3733 τοῦ
904 3673 1081 3734 πεπᾶσθαι.
1211 3671 1213 3675 ’

210 3768 324 3834 Aelius
348 3767 429 3835 Stilo
451 3771 541 3856 apud
562 3771 698 3836 Festum
721 3795 746 3836 s.
769 3795 801 3836 u.
823 3779 1025 3851 petauristas:
1058 3777 1160 3837 Aelius
1182 3777 1256 3838 Sero
1277 3779 1356 3851 quod

337 3878 368 3936 in
383 3893 454 3936 aere
482 3879 583 3937 uolent
610 3894 677 3938 eum
705 3882 765 3939 att:
795 3881 805 3910 θ
807 3880 981 3955 petaurista
1003 3881 1133 3954 proprie
1152 3895 1265 3952 praece
1286 3879 1355 3940 r'de'o
1407 3893 1410 3900 ⁴

337 3979 419 4052 quod
439 3979 464 4038 r's
479 3971 564 4058 πρὸς
586 3972 668 4059 ἀέρα
689 3962 836 4056 πέταται.

210 4177 295 4241 Non.
318 4201 351 4264 p.
377 4178 426 4259 18,
450 4177 502 4242 27.
548 4183 705 4264 nebulones
727 4190 755 4242 et
776 4184 961 4244 tenebriones
976 4184 1050 4244 dicti
1069 4191 1139 4246 sant
1159 4187 1211 4260 qut
1231 4185 1354 4244 menda-

335 4286 390 4358 ctis
411 4290 440 4343 et
462 4286 580 4346 astutiis
600 4286 662 4345 suis
683 4285 821 4344 nebulum
837 4286 990 4359 quendam
1017 4295 1046 4346 et
1067 4287 1204 4346 tenebras
1225 4288 1356 4348 obiciant

336 4392 389 4445 out
410 4386 516 4459 quibas
537 4388 581 4446 ad
597 4386 710 4461 sepum
729 4386 869 4462 fugitiuis
891 4395 919 4448 et
937 4387 1028 4459 furta
1043 4389 1117 4449 haec
1132 4398 1221 4448 erant
1239 4405 1355 4448 acrom-
1391 4387 1394 4393 ’

336 4487 457 4546 modam
478 4495 507 4548 et
528 4489 624 4548 utilia.
669 4507 697 4550 e.
721 4507 752 4570 q.
771 4503 802 4550 s.
1170 4471 1174 4484 ¹
