3160 5130
733 347 944 412 ,42-

268 522 344 583 Nora
367 540 398 600 p.
424 530 451 582 4.
498 517 650 606 capulum
673 518 794 585 dicitur
821 518 975 606 quicquid
1005 518 1148 606 aliquam
1176 542 1245 585 rem
1267 522 1355 587 intra
1378 545 1412 587 εθ

395 622 497 708 capit:
531 643 605 686 nam
630 622 880 708 sarcophagum,
903 620 937 686 id
961 630 1010 685 est
1032 622 1232 708 sepulcrum,
1261 624 1411 710 capulum

396 723 461 788 dici
499 734 627 790 ueteres
664 722 800 820 uolunt⁸
816 722 903 810 quod
940 745 1075 809 corpora
1111 725 1231 812 capiat.
1276 726 1412 791 Plautus

397 827 565 892 Asinaria:
592 866 629 875 —
656 865 704 890 -.
738 826 824 891 idem
847 825 968 891 Milite:
992 826 1083 913 ‘quid
1106 827 1153 892 ais
1171 830 1228 894 tu?
1257 837 1323 893 tam
1351 827 1413 893 tibi

395 952 455 1014 ego
471 930 588 995 uideor
603 930 723 1018 oppido
735 929 981 995 Acheruntius?
997 936 1064 993 tam
1079 928 1279 1016 capularisi’
1299 954 1326 995 e.
1339 954 1369 1017 q.
1385 954 1410 995 ε.

270 1037 354 1097 Paul.
374 1054 407 1112 p.
434 1043 478 1095 oi.
523 1032 674 1119 capulum
698 1043 730 1098 et
753 1031 960 1096 manubrium
983 1028 1085 1116 gladii
1100 1041 1238 1098 uocatur
1254 1043 1286 1098 et
1299 1032 1333 1096 id
1349 1056 1412 1119 quo

394 1137 514 1200 mortui
542 1135 721 1200 efferuntur
743 1143 916 1221 utrumque
939 1155 960 1198 a
982 1133 1140 1220 capiendo
1163 1135 1296 1200 dietum.
1335 1157 1413 1201 sane

396 1261 417 1302 a
438 1237 531 1324 capio
555 1237 591 1304 lit
614 1236 837 1324 capularis.¹9)

273 1421 346 1480 Nou.
365 1439 398 1497 p.
424 1430 451 1480 5.
497 1416 677 1482 temulenta
700 1417 788 1481 dicta
810 1416 951 1496 ebriosa,
975 1415 1064 1481 dicta
1080 1424 1245 1500 stemate,
1262 1416 1349 1504 quod
1365 1426 1414 1481 est

395 1519 508 1584 uinum
532 1520 618 1605 quod
641 1528 800 1584 attemtet.
832 1517 966 1583 Plautus
984 1517 1168 1584 Aulularia:
1193 1520 1282 1605 ‘quia
1302 1519 1414 1584 temeti

396 1622 477 1686 nihil
499 1621 636 1688 allatum
659 1623 767 1686 uideo’
791 1645 819 1686 o.
843 1645 873 1708 q.
898 1645 924 1685 ε.

270 1733 348 1790 Fosi.
368 1747 401 1806 p.
426 1736 496 1789 364.
543 1734 698 1791 temetum
721 1725 844 1789 uinum.
876 1723 1012 1788 Plautus
1035 1723 1069 1787 in
1093 1723 1279 1790 Aulularia:
1305 1723 1412 1789 ‘Cere-

396 1828 458 1907 rin,
483 1826 639 1906 Strobile,
669 1827 727 1891 has
756 1826 875 1890 facturi
904 1826 1059 1912 nuptias?
1090 1827 1170 1913 qui?
1204 1827 1283 1911 quia
1305 1827 1414 1891 temeti
1449 1849 1452 1853 ·

397 1927 478 1993 nihil
501 1927 639 1994 allatum
661 1928 771 1994 uideo'
794 1952 820 1994 e.
843 1952 874 2014 q.
899 1929 973 2012 s20)

271 2114 347 2173 liora
370 2130 400 2188 p.
426 2121 451 2171 5¹.
498 2131 652 2194 esperare
675 2117 725 2172 est
740 2108 830 2193 rugis
847 2107 985 2172 l'rontem
1001 2105 1193 2173 contrahere
1210 2118 1242 2173 et
1262 2128 1414 2194 asperare

398 2219 537 2276 tractum
565 2235 585 2275 a
607 2233 780 2297 caprorum
807 2209 971 2274 frontibus
1001 2211 1128 2296 crispis.
1174 2208 1313 2274 Plautus
1338 2209 1413 2296 Epi-

401 2313 474 2379 dico
498 2336 526 2378 θ.
550 2337 581 2400 q.
604 2337 630 2377 s.
1169 2323 1174 2334 “

271 2421 359 2480 I'mrl.
380 2439 412 2498 p.
438 2428 487 2479 48.
532 2423 721 2502 caperatum
743 2435 899 2499 rugosum
921 2436 941 2478 a
963 2436 1120 2479 cornuum
1144 2414 1351 2500 caprinorum
1375 2415 1415 2478 si·

399 2517 584 2582 militudine
608 2517 737 2582 dicitur.

272 2727 344 2786 lVoa.
364 2745 397 2804 p.
423 2736 451 2787 a.
496 2731 617 2787 nautea
644 2732 694 2786 est
722 2744 808 2807 aqua
836 2721 877 2786 dc
906 2722 1001 2786 coriis
1030 2721 1082 2787 uel
1117 2721 1204 2808 quod
1232 2732 1282 2787 est
1307 2722 1414 2787 uerius

399 2848 484 2912 aqua
507 2825 548 2889 de
571 2825 700 2888 sentina
723 2823 812 2888 dicta
834 2847 853 2887 a
876 2825 995 2889 nautis.
1041 2823 1176 2890 Plautus
1202 2824 1412 2890 Curculione:

349 2917 355 2924 ’
399 2931 487 2991 ‘narn
510 2928 654 2992 omnium
677 2936 876 3010 unguentum
906 2925 987 2991 odor
1014 2949 1092 3011 prae
1116 2935 1172 2991 tua
1194 2935 1314 2992 nautea
1342 2930 1415 2991 est'

399 3054 427 3094 c.
449 3053 480 3115 q.
505 3054 529 3095 s.
1347 3018 1349 3022 ¹

271 3137 351 3197 Fest.
370 3155 400 3212 p.
427 3145 491 3196 165.
536 3143 689 3197 nauteam
710 3132 756 3195 ait
772 3130 911 3216 Opillius
935 3127 1137 3215 Aurelius²¹)
1156 3130 1294 3213 herb[ae
1314 3151 1415 3215 genus

399 3259 470 3300 esse
494 3234 606 3320 granis
628 3234 746 3319 nigris]
771 3257 836 3320 qua
858 3235 977 3306 coriarii
1006 3243 1158 3315 utuntur,
1183 3232 1289 3316 [cuius
1313 3231 1416 3296 uideri

399 3361 420 3402 a
441 3359 525 3401 naue
548 3337 699 3422 duc]tum
721 3359 850 3417 nomen,
874 3337 951 3421 quia
973 3357 1130 3400 nauseam
1154 3334 1261 3418 fa[cit.
1290 3355 1416 3419 permu-

400 3442 522 3506 tatione
538 3439 566 3502 Τ
582 3451 614 3503 et
630 3440 652 3504 S
675 3437 856 3503 litterarum
879 3437 1163 3523 intcrmcldiarum
1186 3435 1327 3522 antiquis
1344 3457 1416 3498 eon·

401 3550 502 3604 sueta.
536 3539 673 3605 Plautus
697 3540 731 3603 in
754 3539 944 3604 Artemone:
970 3579 1004 3586 —
1034 3577 1082 3604 —-.
1128 3538 1216 3602 idem
1240 3538 1274 3599 in
1297 3537 1416 3601 Curcu-

343 3640 345 3644 ’
400 3642 501 3708 lione:
527 3647 612 3706 ‘nam
630 3642 730 3761 odor}
745 3642 945 3726 unguentum
961 3642 1106 3708 omnium
1122 3663 1200 3727 prae
1223 3647 1278 3712 tuo
1299 3647 1419 3703 nautea

402 3752 482 3811 est.'·
498 3768 525 3809 c.
550 3768 581 3830 q.
606 3769 632 3809 s.

344 3939 388 4001 19)
407 3937 488 3988 ualde
508 3934 613 3986 arridet
631 3934 899 3986 Odofredillluelleri
918 3935 1057 3986 sententia
1072 3934 1197 3984 Verrium
1217 3947 1277 3982 cum
1297 3931 1418 3996 glossam

274 4025 353 4074 illam
372 4023 505 4074 scriberet
524 4037 668 4072 memorem
688 4021 773 4071 tuisse
798 4035 894 4071 uersus
914 4020 1030 4071 alterius
1054 4035 1069 4070 θ
1088 4018 1178 4069 Milite
1201 4016 1346 4081 desumpti.
1383 4016 1418 4066 cl.

276 4112 334 4160 cius
354 4109 559 4160 adnotationem
579 4105 614 4156 ad
634 4105 651 4155 l.
671 4121 693 4154 c.

343 4195 388 4259 20)
409 4199 485 4245 caret
503 4192 612 4259 quidem
634 4191 705 4242 haec
729 4191 822 4255 glossa
843 4190 1018 4254 etymologia.
1061 4193 1091 4240 at
1111 4193 1204 4238 tamen
1224 4187 1419 4250 huncquoque

275 4279 400 4328 Verrium
431 4279 599 4343 explicuisse
630 4276 711 4327 testis
735 4280 777 4326 est
800 4275 901 4326 Paulus
918 4291 944 4340 p.
964 4276 1025 4326 365:
1047 4276 1187 4324 ‘temetum
1212 4273 1320 4336 uinum,
1348 4271 1418 4320 unde

276 4363 440 4413 temulentus
459 4367 487 4412 et
506 4361 689 4412 temulentia)

343 4445 387 4506 at)
406 4447 525 4497 dubitari
547 4452 639 4513 potest
662 4461 697 4496 an
720 4445 810 4512 potius
834 4444 860 4496 lt.
880 4445 898 4497 l.
922 4444 1051 4497 Aurelius
1074 4442 1194 4508 Opillius
1214 4440 1421 4492 commentatori

276 4534 336 4585 usui
365 4532 459 4585 fuerit.
495 4533 565 4598 qued
588 4517 649 4584 ¹etsi
671 4533 730 4583 lieri
759 4531 861 4598 potuit,
893 4535 984 4582 tamen
1009 4529 1075 4580 mihi
1103 4527 1284 4580 uerisimilius
1312 4524 1420 4577 uidetur
