3160 5126
621 355 856 418 -131-

167 525 250 589 Non.
274 548 306 610 p.
329 524 379 604 82,
403 523 455 589 22.
498 529 701 589 caritudinem
719 546 781 604 pro
802 531 911 589 eaaitie
933 548 961 589 e.
984 548 1015 611 q.
1039 549 1067 589 s.

166 625 258 690 Paul.
282 649 314 712 p.
337 626 389 690 62.
432 632 636 691 caritudinem
655 647 715 706 pro
736 633 847 690 canitie
869 648 896 691 e.
920 649 951 712 q.
975 650 1001 690 s.

167 829 251 895 Non.
276 853 308 915 p.
334 830 403 909 135,
427 831 479 894 27.
523 837 641 908 (ηένίηε,
661 836 757 907 mapis
778 837 887 895 mirum
909 852 935 894 e.
959 852 989 908 q.
1014 854 1049 902 s.

166 931 259 995 Paul.
283 955 315 1016 p.
341 932 412 995 123.
455 938 562 996 mirior
583 937 722 996 dicebaut
742 939 980 1012 comparatiuara
1003 954 1022 996 a
1045 940 1130 998 miro.

165 1135 252 1200 Non.
275 1157 308 1220 p.
339 1135 415 1217 140,
449 1137 479 1199 2.
525 1141 696 1200 Maeander
723 1148 767 1199 est
789 1145 931 1216 picturae
955 1158 1051 1215 pertus
1078 1145 1204 1204 assimili
1224 1160 1313 1219 opere

291 1241 530 1316 labyrinthorum
552 1249 657 1316 ortam,
680 1245 839 1303 elaaieatis
860 1244 1026 1317 iaiipatura.
1051 1262 1079 1304 e.
1103 1263 1135 1326 q.
1158 1263 1185 1304 s.

164 1338 258 1403 Paul.
281 1361 313 1424 p.
339 1339 408 1403 136.
455 1345 657 1404 Maeandrum
676 1361 772 1418 penus
791 1347 930 1419 picturae
951 1352 1003 1405 est.
1026 1364 1053 1406 6.
1078 1365 1109 1429 q.
1134 1365 1160 1406 s.

164 1543 249 1608 Non.
273 1565 306 1628 p.
332 1543 401 1624 176,
424 1542 477 1606 20.
520 1550 706 1624 saperdae
727 1551 837 1622 quasi
856 1551 1047 1624 sapientes
1068 1553 1129 1608 aet
1155 1553 1312 1624 elepan-

292 1656 354 1708 tes.
408 1631 537 1708 Varro
558 1653 700 1711 Medio:
733 1653 869 1712 ‘omues
901 1653 1069 1711 uidemur
1097 1653 1203 1712 nohis
1231 1669 1312 1711 esse

218 1745 221 1752 ’
292 1751 396 1820 betti,
417 1751 570 1826 festiui,
595 1754 785 1828 saperdae
807 1757 1016 1814 eiim'simas
1038 1752 1221 1832 daupei)

166 1850 252 1913 rest.
276 1871 308 1935 p.
323 1849 397 1914 325.
427 1855 560 1929 saperda
573 1872 669 1927 penus
688 1857 810 1930 pessimi
827 1857 927 1940 piscis.
963 1855 1179 1932 Sapientem
1202 1856 1327 1916 etiam*

291 1955 499 2030 sipuificat
519 1959 670 2017 curauit
689 1959 826 2016 Varro:
848 1958 1035 2018 ‘uidemur
1056 1958 1311 2032 uobissaper-

293 2058 362 2116 dae
383 2074 461 2118 oum
483 2061 598 2141 simus
620 2058 795 2138 corpote

165 2257 248 2322 Non.
272 2280 305 2344 p.
330 2257 398 2334 180,
423 2258 452 2321 8.
498 2264 630 2338 tippula,
660 2265 775 2322 animai
800 2265 996 2345 leuissimum,
1023 2265 1104 2338 quod
1129 2281 1224 2339 aquas
1251 2281 1311 2324 uoa

292 2365 408 2439 nando,
432 2366 487 2424 sed
511 2364 682 2439 prodiendo
705 2371 847 2426 trauseat.
900 2369 1001 2428 Varro
1024 2368 1168 2427 Bimaroo
1191 2386 1218 2427 e.
1236 2385 1267 2449 q.
1284 2386 1310 2426 s,

292 2467 469 2527 Plautus:
492 2467 690 2526 ‘leuiores
712 2484 816 2541 quara
840 2469 1012 2543 tippula?

164 2561 256 2628 Paul.
281 2586 312 2649 p.
335 2565 408 2630 366.
453 2571 584 2645 tippula,
612 2569 750 2630 bestiolae
774 2588 869 2644 penus
890 2589 945 2630 sea
963 2573 1058 2646 pedes
1085 2572 1314 2647 interiisset

292 2677 396 2730 tautae
425 2673 556 2731 leuitatis
583 2678 621 2749 ut
655 2689 747 2746 super
779 2689 889 2748 apuam
925 2691 1052 2734 currens
1087 2691 1147 2734 uou
1184 2676 1310 2734 desidat.

291 2773 473 2833 Plautus:
519 2773 653 2846 ‘oeque
689 2776 862 2848 tippulae
902 2777 1024 2835 leuius
1054 2777 1204 2851 pondus
1240 2781 1310 2835 est'

294 2894 321 2935 e.
346 2891 377 2955 q.
400 2893 426 2934 s.

247 3076 320 3139 Iam
349 3098 422 3140 cum
451 3076 550 3140 semel
578 3075 621 3139 ad
649 3074 853 3139 Varroniana
880 3077 1029 3163 exempla
1060 3099 1237 3164 progressa
1266 3077 1309 3143 sit

164 3179 352 3264 disputatio,
376 3177 541 3264 paulisper
563 3178 597 3240 in
619 3179 665 3242 eis
687 3178 899 3243 immoremur
921 3178 1066 3243 addituri
1087 3179 1247 3265 paneade
1263 3181 1310 3243 eis

164 3279 326 3344 lemmatis
350 3302 432 3365 quae
455 3303 472 3344 6
495 3279 588 3345 libris
611 3280 652 3343 de
674 3281 744 3344 uita
766 3279 877 3367 populi
893 3280 1042 3365 Romani,
1065 3281 1105 3344 de
1127 3304 1162 3345 re
1177 3282 1309 3363 rustica,

164 3382 245 3447 Cato
269 3381 463 3468 deprompta
486 3374 571 3446 sunt.
616 3403 713 3466 saepe
734 3381 814 3446 haec
835 3383 900 3447 tria
923 3382 1045 3469 scripta
1066 3405 1132 3446 una
1152 3382 1310 3450 collocan-

163 3493 232 3566 tur,
267 3482 459 3569 plerumque
491 3485 526 3546 in
558 3493 706 3548 extrema
738 3493 831 3569 parte
861 3494 918 3549 aut
946 3485 1063 3568 capitis
1093 3496 1151 3551 aut
1186 3485 1309 3550 ordinis

163 3608 329 3672 nunquam
351 3586 421 3650 fere
443 3585 490 3649 ita
512 3594 548 3649 ut
570 3584 604 3649 in
627 3585 741 3650 eodem
763 3584 914 3651 lemmate
938 3585 1011 3650 aliis
1035 3586 1195 3673 exemplis
1223 3597 1310 3673 post·

163 3697 334 3772 ponantur.
380 3709 464 3774 quae
487 3688 595 3753 omnia
617 3687 645 3750 si
675 3689 782 3752 animo
805 3687 1089 3773 comprehenderis
1117 3687 1205 3753 haud
1228 3689 1308 3753 inui-

163 3798 214 3866 tus
237 3813 308 3855 esse
331 3790 488 3854 concedes
504 3812 568 3875 quo
585 3789 829 3854 commendetur
845 3788 1106 3855 Schottmuelleri
1122 3792 1310 3855 coniectura

163 3890 303 3956 Nonium
326 3891 516 3956 testimonia
538 3915 555 3956 6
577 3891 682 3957 tribus
703 3890 769 3955 illis
791 3891 923 3977 seriptis
947 3892 1062 3968 ultimo
1086 3891 1215 3954 demum
1238 3890 1309 3956 loco
1348 3921 1351 3925 ¹

162 4003 195 4056 et
216 3992 388 4079 collegisse
411 4005 443 4058 et
457 3995 490 4058 in
506 3993 637 4058 lexicon
651 3992 810 4058 indidisse
826 3994 897 4057 siue
920 3994 1024 4057 mauis
1041 3993 1150 4056 dicere
1165 3994 1308 4057 assuisse

162 4095 218 4159 ubi
240 4118 299 4181 per
321 4095 419 4182 spatii
442 4095 719 4182 opportunitatem
741 4095 882 4159 maxime
905 4094 1044 4159 licuerit.
1083 4114 1147 4178 quo
1170 4095 1307 4185 probato

163 4196 273 4260 statim
307 4195 509 4283 explicatum
541 4197 678 4263 habebis
712 4198 768 4284 qui
802 4197 924 4261 factum
955 4195 997 4260 sit
1023 4204 1060 4259 ut
1089 4195 1238 4282 exempla
1266 4205 1308 4260 ex

164 4299 291 4384 scriptis
328 4297 394 4362 illis
433 4298 606 4384 desumpta
642 4300 760 4363 totiens
799 4297 1089 4362 intermitterentur
1125 4297 1307 4361 ordinibus.

165 4395 283 4463 deinde
305 4421 383 4464 uero
407 4402 434 4464 si
457 4402 660 4487 quaesiueris
682 4399 769 4464 unde
791 4399 872 4463 haec
886 4399 1092 4463 Varroniana
1108 4399 1151 4463 ad
1166 4399 1307 4464 Nonium

165 4496 366 4583 denenerint,
390 4503 468 4566 mihi
491 4502 622 4589 quidem
646 4501 733 4566 aliud
749 4500 829 4565 nihil
845 4523 946 4586 aeque
962 4499 1120 4566 credibile
1134 4501 1308 4567 uidebatur

1062 4602 1107 4667 9*
