3160 5126
618 367 850 436 -115-

158 541 241 610 Non.
266 568 297 632 p.
323 543 395 627 121,
421 541 469 608 13.
513 546 624 608 hostire
649 553 694 606 est
721 549 932 622 comprimere,
954 543 1110 619 recedere,
1134 544 1244 608 dietum
1267 547 1305 610 ab

284 652 392 711 hostie.
421 667 448 709 e.
472 669 502 731 q.
527 667 552 708 s.
597 649 708 709 hostire
729 648 892 727 offendere,
915 650 1053 710 eredere.
1084 666 1111 709 e.
1134 669 1165 732 q.
1190 669 1215 710 s.

158 748 250 812 Paul.
273 771 305 833 p.
330 747 400 813 102.
436 752 532 811 hostie
554 751 636 811 dictu
658 757 702 810 est
722 751 761 810 ab
782 767 816 809 eo
838 751 918 824 quod
938 750 1050 811 hostire
1071 759 1115 811 est
1133 751 1242 824 ferire.

158 919 243 984 Non.
267 941 299 1005 p.
325 918 395 998 178,
420 918 469 992 10,
513 923 644 982 retineret
660 936 720 997 pro
741 923 878 981 tenuerit.
907 939 934 980 e.
958 939 988 1002 q.
1013 940 1038 982 s.

157 1020 251 1086 Paul.
275 1042 307 1106 p.
330 1019 403 1084 366.
449 1025 535 1084 tetim'
548 1039 610 1099 pro
633 1026 726 1084 tenui.
770 1017 813 1083 ef.
837 1018 947 1083 Diom.
971 1019 1044 1100 372,
1069 1020 1118 1083 17.

158 1190 242 1255 Non.
273 1213 304 1276 p.
336 1189 411 1271 147,
447 1190 474 1253 1.
521 1195 600 1252 olet
630 1210 703 1270 pre
739 1196 846 1252 oleat.
891 1193 1083 1265 Afranius
1119 1194 1307 1255 Fratriis:

287 1295 373 1356 ‘noa
397 1303 524 1372 potest
551 1297 638 1372 quire
667 1297 735 1356 illa
764 1300 888 1354 stacta
916 1297 1100 1370 lunaeque
1125 1303 1160 1355 et
1180 1300 1306 1360 multis

285 1399 386 1457 olet?
426 1415 453 1456 e.
478 1416 508 1479 q.
532 1415 558 1456 s.

158 1495 260 1560 Prisc.
298 1517 330 1580 p.
367 1493 439 1557 444.
489 1500 583 1572 olea,
623 1500 697 1559 oles
734 1506 768 1558 et
802 1501 874 1570 ele,
910 1500 990 1558 olr‘s.
1041 1499 1232 1572 Afranius
1268 1502 1305 1560 in

285 1601 471 1694 Fratriiss:
500 1603 588 1658 ‘non
612 1607 736 1676 potest
761 1603 851 1676 quin
879 1602 948 1664 illa
974 1607 1099 1659 sraela
1121 1603 1306 1676 lanaeque

285 1710 319 1762 et
345 1683 495 1764 eunetis
516 1705 619 1762 olet?
649 1719 676 1761 e.
699 1721 732 1784 q.
756 1719 782 1761 s.
827 1697 869 1762 uf.
893 1696 996 1761 Prisc.
1020 1721 1051 1783 p.
1074 1697 1148 1761 480.
1193 1697 1303 1766 Dium.

288 1800 361 1882 383,
388 1800 437 1865 15.

380 2037 444 2101 DE
468 2037 803 2103 ADVERBIORVM
825 2036 1083 2104 ORDINIBVS.

622 2272 625 2278 -
661 2229 758 2307 Caput
779 2230 803 2291 L

160 2311 410 2478 plilllnikilub.
434 2413 579 2478 canatim
717 2410 829 2496 Nigid.
853 2411 1034 2476 Comment.
1059 2433 1109 2496 gr.
1135 2373 1138 2378 ³

343 2515 414 2579 186.
439 2516 558 2602 capsim
717 2514 874 2600 Pompon.
896 2513 1063 2578 Porearia.

341 2617 412 2684 187.
436 2616 565 2682 infabre
716 2616 840 2680 Pacuu.
863 2615 994 2702 Niptra.

647 2809 744 2885 capnt
765 2808 807 2867 11.

157 2916 189 2978 p.
212 2893 263 2974 76,
288 2893 317 2956 7.
340 2891 404 2958 litt.
430 2896 471 2956 A.

199 2994 318 3058 lemma
339 2995 390 3058 63.
414 2993 521 3079 adquo
716 2989 833 3052 Afran.
857 2987 1021 3052 Prometh.

712 3091 800 3156 idem
822 3091 989 3174 Priuigno.

339 3198 390 3263 64.
414 3196 599 3262 alternatim
717 3193 841 3274 Quadr.
864 3189 985 3255 Annal.
1008 3191 1065 3255 lib.
1090 3190 1149 3254 IV.
1169 3267 1171 3286 1

157 3372 188 3436 p.
213 3351 264 3414 91.
288 3350 349 3415 litt.
375 3350 412 3416 (l.
616 3334 713 3340 ——
731 3333 844 3340 ’μ’

157 3490 161 3495 -
199 3453 317 3516 lemma
340 3454 390 3516 74.
414 3451 582 3516 cadueiter
716 3450 833 3515 Varro.

341 3553 392 3618 75.
415 3553 583 3637 cupienter
717 3554 829 3618 Attius
853 3550 994 3615 Philoct.
1135 3531 1146 3558 '

715 3655 841 3720 Ennius
864 3652 986 3719 Phoen.

155 3824 492 3912 pQstfflss

199 3927 318 3992 lemma
339 3928 391 3992 31.
417 3925 569 3990 debiliter
718 3923 893 3988 Pacuuius.

340 4030 392 4094 32.
416 4027 563 4112 demagis
715 4024 821 4089 Lucil.
845 4023 913 4090 Sat.
937 4025 993 4089 lib.
1018 4021 1149 4087 XXVI.

338 4131 389 4196 33.
413 4129 472 4194 diu
716 4127 858 4191 Titinius
881 4125 1043 4192 Fullonia.

715 4228 823 4294 Plaut.
848 4227 983 4293 Mercat.

338 4334 389 4398 34.
411 4333 589 4399 dubitatim
717 4331 848 4396 Caelius
873 4326 992 4394 Annal.
1015 4326 1073 4392 lib.
1096 4325 1159 4390 ΙΙΙ.

715 4433 843 4498 Sisenn.
865 4430 943 4494 hist.
965 4427 1024 4494 lib.
1047 4427 1106 4492 IV.

614 4583 842 4597 -.,-.....ι

1054 4616 1095 4682 8*
