3160 5130
657 350 868 415 ..35-

158 598 160 602 ¹
187 522 306 587 hausta
328 522 481 609 princeps
504 521 566 584 iste
589 519 839 606 compilatorum
862 521 1009 607 proferat
1024 531 1178 608 tanquam
1195 544 1215 588 a
1230 532 1332 587 semet

188 625 259 709 ipso
282 635 449 709 congesta.
489 633 605 688 contra
627 623 708 687 mihi
728 623 861 688 uidetur
884 625 1152 705 commentarium
1175 625 1222 690 ita
1243 625 1333 690 adhi-

190 726 302 790 buisse
324 737 361 791 ut
390 724 584 812 peruoluens
607 747 681 789 eum
711 736 883 812 quaereret
912 727 1052 812 quaein
1075 725 1203 810 singula
1225 727 1335 813 capita

187 827 332 914 recipere
356 836 476 912 posset.
520 829 607 892 unde
631 827 729 892 etiam
752 829 831 892 ordo
854 827 909 892 ille
931 836 963 892 et
985 827 1173 893 fabularum
1195 839 1228 893 et
1249 829 1333 915 ipso-

187 951 258 992 rum
291 952 445 994 uersuum
478 952 709 1016 usquequaque
743 929 824 993 mira
857 952 929 994 eum
964 931 1149 996 constantia
1183 939 1334 995 seruatus

187 1031 284 1095 facile
307 1031 499 1118 explicatur.
545 1032 585 1096 de
608 1030 767 1116 glossario
792 1043 900 1097 autem
923 1034 1067 1118 cogitare
1090 1043 1241 1098 uetamur
1261 1055 1335 1097 cum

188 1132 260 1196 aliis
274 1134 498 1199 commentarii
514 1133 661 1218 uestigiis
678 1143 746 1198 tum
758 1131 960 1218 longioribus
973 1134 1013 1199 de
1024 1135 1198 1200 uerborum
1211 1143 1335 1228 etymo·

120 1252 125 1264 ·
189 1233 282 1319 logia,
307 1235 348 1299 de
371 1237 465 1300 uaria
488 1235 727 1320 significatione
757 1236 1045 1322 explanationibus
1068 1259 1151 1324 quae
1174 1259 1334 1302 commen-

188 1339 307 1402 tarium
331 1336 428 1402 ualde
456 1337 622 1420 redolent,
650 1335 788 1402 minime
804 1338 1010 1423 glossarium.
1055 1338 1215 1404 accedunt
1242 1360 1335 1424 argu-

188 1448 299 1504 menta
335 1439 453 1526 quibus
491 1439 781 1505 Schottmuellerus
806 1441 1071 1528 comprobauite
1101 1441 1334 1505 commentario
1438 1483 1445 1492 -

191 1542 333 1606 Nonium
355 1541 516 1607 hausisse.

273 1644 346 1709 Hoc
368 1666 447 1708 uero
469 1645 524 1731 qui
547 1645 744 1708 concesserit
768 1666 840 1708 eum
863 1667 995 1709 necesse
1022 1653 1073 1709 est
1102 1646 1200 1710 etiam
1223 1667 1335 1710 conce-

190 1747 266 1809 dere
295 1745 422 1811 duobus
456 1744 698 1810 commentariis
731 1769 826 1810 usum
850 1770 921 1811 esse
950 1747 1102 1830 Nonium,
1133 1770 1270 1834 quorum
1302 1750 1335 1813 in

191 1846 293 1913 altero
327 1847 519 1913 adnotatum
553 1858 623 1912 erat
651 1848 693 1912 ad
721 1849 780 1912 has
817 1848 960 1914 fabulas:
1004 1849 1274 1936 Amphitruonem
1285 1851 1341 1936 ¹⁶),

191 1951 392 2032 Asinariam,
423 1949 644 2034 Aululariam,
676 1949 875 2033 Bacchides,
906 1949 1077 2033 Casinam,
1106 1949 1335 2033 Cistellariam,

192 2051 365 2137 Captiuos,
401 2051 645 2134 Curculionem,
680 2051 871 2138 Epidicum,
906 2053 1061 2136 Militem,
1096 2052 1335 2134 Menaechmos,

191 2153 335 2236 Persam,
359 2153 571 2237 Pseudulum,
589 2155 779 2236 Poenulum,
799 2155 994 2237 Rudentem,
1012 2153 1170 2237 Stichum,
1188 2153 1336 2220 Trinum·

191 2277 294 2336 mum,
326 2254 573 2320 Truculentum.
618 2240 701 2320 alter
728 2267 836 2321 autem
866 2257 1116 2322 commentarius
1145 2256 1335 2344 complexus

192 2367 241 2421 est
264 2368 330 2422 tres
354 2356 482 2423 fabulas
499 2361 573 2421 has:
604 2359 886 2445 Amphitruonem,
903 2360 1102 2442 Asinariam,
1120 2357 1337 2423 Aululariam.

190 2460 251 2522 hoc
273 2462 359 2524 enim
382 2482 423 2523 ex
447 2482 485 2523 ea
508 2482 542 2522 re
565 2470 703 2546 apparet
725 2461 813 2548 quod
834 2485 893 2549 per
916 2463 1023 2526 omnia
1046 2462 1114 2525 fere
1137 2461 1246 2546 capita
1269 2461 1338 2526 siue

192 2584 249 2648 per
264 2561 411 2646 singulas
429 2563 573 2647 capitum
586 2561 711 2627 litteras
725 2564 790 2629 duo
801 2556 918 2630 extant
932 2562 1157 2628 Plautinorum
1177 2560 1338 2649 exemplo·

191 2687 262 2728 rum
297 2662 428 2729 ordines
462 2686 599 2750 quorum
632 2665 721 2751 prior
760 2688 801 2730 ex
840 2666 1067 2750 duodeuiginti
1106 2665 1171 2730 illis
1205 2664 1338 2748 fabulis,

192 2767 352 2852 posterior
374 2788 416 2829 ex
438 2765 543 2831 tribus
566 2766 616 2830 his
640 2767 791 2853 exempla
813 2770 943 2855 repetit.
974 2777 1072 2854 atque
1087 2768 1189 2853 priori
1206 2767 1338 2854 quidem

193 2867 344 2932 ordinum
378 2870 490 2952 generi
522 2867 580 2932 hos
614 2869 804 2935 tribuendos
838 2892 909 2934 esse
943 2869 1123 2934 dilucidum
1146 2878 1210 2932 est:
1242 2893 1273 2955 p.
1307 2870 1338 2948 3,

193 2969 233 3032 26
256 2993 326 3056 sqq.
352 2969 567 3053 (hostimentum
594 3009 629 3019 -
654 2973 840 3057 suppilare),
870 2995 901 3058 p.
927 2971 978 3054 72,
1005 2973 1043 3034 15
1066 2993 1136 3056 sqq.
1162 2972 1275 3055 (aetate
1299 3009 1335 3015 --

194 3075 413 3157 altitudinem),
436 3096 467 3159 p.
491 3073 543 3154 83,
567 3074 585 3137 7
610 3096 678 3160 sqq.
703 3072 851 3158 (contente
865 3113 902 3121 ι*
915 3073 1093 3157 collutulet),
1116 3094 1148 3157 p.
1165 3071 1217 3153 95,
1236 3071 1274 3134 12
1290 3094 1338 3157 sq.

194 3182 369 3256 desquama!
388 3213 423 3224 -
443 3181 631 3258 destituare),
654 3189 686 3261 p.
713 3173 782 3258 102,
806 3175 826 3252 6
848 3198 918 3262 sqq.
944 3166 1129 3260 (excantare
1143 3211 1179 3221 -
1194 3181 1339 3253 expapil—
1376 3243 1378 3246 ,

194 3282 285 3365 tuto),
314 3302 345 3365 p.
378 3279 447 3358 109,
477 3279 496 3341 9
519 3301 589 3364 sqq.
619 3281 786 3366 (firmitudo
811 3317 848 3326 -
868 3275 1061 3360 fortunare).
1091 3299 1121 3363 p.
1147 3277 1225 3358 120,
1247 3276 1270 3339 4
1292 3298 1339 3362 sq.

195 3383 303 3463 (hallec
318 3419 354 3427 -
368 3380 608 3464 liniamentum),
632 3404 664 3466 p.
691 3381 762 3462 123,
789 3381 826 3444 16
850 3403 919 3468 sqq.
944 3381 1058 3464 (inanis
1076 3419 1112 3426 —
1131 3377 1209 3463 icit),
1232 3400 1265 3464 p.
1281 3378 1340 3442 136

196 3483 410 3568 (auctoritaie),
441 3505 471 3567 p.
505 3483 582 3564 143,
614 3483 653 3546 10
674 3505 744 3569 sqq.
778 3485 939 3570 (nuperum
965 3521 1002 3528 —
1026 3481 1181 3566 neminis),
1211 3504 1243 3567 p.
1269 3480 1340 3558 146,

199 3588 211 3648 1
238 3609 307 3671 sqq.
333 3584 541 3668 (ohscuemmiit
563 3623 604 3630 —
626 3587 831 3670 opulentius),
855 3609 886 3672 p.
913 3585 973 3650 155
997 3587 1149 3668 (potentia
1167 3576 1341 3663 sspuuxii-

194 3689 313 3771 iisper),
336 3710 368 3773 p.
395 3685 465 3766 164,
492 3685 530 3748 16
554 3709 621 3772 sqq.
646 3688 747 3770 (rumis
761 3727 797 3734 —
812 3687 940 3772 ructus),
964 3710 997 3773 p.
1017 3689 1087 3768 l7l,
1104 3686 1145 3750 32
1162 3707 1231 3771 sqq.
1248 3686 1339 3768 (senl-

190 3797 316 3870 purrirc
333 3828 370 3837 —
387 3787 600 3873 sorditudine),
625 3811 656 3873 p.
674 3789 745 3871 199,
761 3790 780 3852 8
797 3812 867 3875 sqq.
893 3790 1034 3874 (catellae
1051 3827 1092 3835 ——=
1105 3787 1205 3871 calx),
1222 3810 1255 3872 p.
1267 3785 1339 3850 210.

198 3894 212 3955 l
237 3914 307 3977 sqq.
331 3892 399 3977 (lus
423 3927 462 3937 -
485 3891 627 3974 lanium),
651 3913 682 3977 p.
706 3891 779 3975 217,
804 3891 845 3955 26
869 3892 995 3976 (portus
1025 3929 1058 3938 -
1076 3889 1195 3973 punis),
1219 3910 1250 3973 p.
1267 3885 1340 3967 227,
1422 3952 1426 3958 ,

264 4097 307 4164 16)
326 4099 440 4164 negauit
466 4097 574 4162 quidem
604 4097 849 4157 Schottmnellerus
873 4098 903 4161 (l.
928 4099 946 4151 l.
969 4115 995 4164 p.
1020 4096 1080 4158 828)
1112 4095 1340 4160 Amphitruonem

196 4184 319 4235 fabulam
339 4185 365 4233 in
386 4183 581 4233 commentario
605 4185 664 4234 siue
689 4183 784 4234 codiee
810 4200 826 4233 a
843 4184 933 4234 Nonio
958 4182 1080 4232 adhibito
1107 4181 1194 4231 fuisse
1217 4182 1341 4246 primam.

196 4285 304 4319 errasse
328 4274 420 4318 tamen
444 4283 504 4318 eum
528 4283 588 4318 eum
612 4284 705 4318 omnes
727 4285 818 4334 paene
841 4269 952 4319 ordines
976 4285 990 4318 e
1013 4268 1118 4316 minore
1148 4259 1342 4317 commeniario

196 4355 316 4420 proiecti
339 4360 396 4402 tum
422 4353 487 4402 ordo
510 4353 557 4402 ille
582 4354 645 4404 inde
669 4371 685 4402 a
708 4370 736 4419 p.
759 4357 822 4418 224,
842 4357 874 4404 30
898 4358 1031 4412 testatur,
1055 4367 1134 4416 quem
1158 4348 1250 4416 paullo
1269 4351 1343 4400 iutra

196 4440 315 4504 pleniori
338 4438 532 4488 commentario
551 4439 724 4490 tribuendum
745 4454 804 4489 esse
824 4439 976 4502 ostendam,
996 4439 1096 4503 quippe
1108 4436 1155 4486 ubi
1168 4435 1295 4501 exempla
1310 4451 1341 4484 ex

197 4524 395 4589 Amphitruone
415 4525 503 4588 petita
524 4524 698 4590 excipiantur
716 4523 872 4574 testimonio
894 4539 927 4572 ex
945 4522 1077 4572 Asinaria
1096 4522 1248 4585 desumpto.

1099 4606 1139 4667 3*
