3160 5126
730 332 960 397 -130-

271 503 349 568 dum
372 513 481 568 autem
505 501 724 567 intelleximus
756 503 914 588 primaria
941 501 1091 590 exempla
1119 524 1184 566 non
1211 524 1284 567 raro
1315 502 1419 568 altero

272 607 402 670 demum
425 605 495 668 loco
518 604 652 669 adferri.
698 605 891 691 Marciporis
920 614 1029 669 autem
1056 607 1276 670 testimonium
1305 607 1333 669 si
1355 609 1419 691 pri-

273 709 412 772 marium
436 707 601 788 habueris,
624 706 716 770 nulla
738 707 778 771 de
801 705 915 772 ordine
938 707 1123 773 admittitur
1145 707 1317 774 dubitatio,
1355 711 1420 772 iam

272 811 300 874 si
322 834 354 894 p.
380 810 457 890 179,
486 809 598 894 bsqq.
634 807 722 892 ’Ἐχω
753 825 806 890 σε,
836 808 913 888 περὶ
943 808 1043 892 τύχης
1071 820 1103 873 et
1124 806 1255 894 ’Ἀμμον
1276 821 1418 893 perpete,

270 911 348 994 eracl
364 913 591 994 φιλαργυρίας
603 920 733 975 saturas
747 932 811 974 non
829 922 896 976 tam
911 912 1075 996 interponi
1092 912 1211 976 saturis
1229 912 1421 998 simpliciter

271 1014 436 1101 inscriptis
465 1035 563 1099 quam
592 1012 679 1076 adici
704 1012 992 1095 animaduerteris,
1022 1012 1118 1078 facile
1142 1015 1188 1078 eis
1212 1037 1296 1101 quae
1319 1038 1420 1100 supra

272 1115 312 1180 de
337 1115 488 1180 ordinum
511 1114 745 1200 compositione
768 1113 1009 1201 disputauimus
1032 1115 1205 1180 adduceris
1220 1128 1257 1181 ut
1273 1118 1314 1182 ab
1331 1117 1419 1183 iusto

272 1219 385 1283 ordine
407 1216 480 1281 illas
510 1217 726 1283 secernendae
759 1239 830 1281 esse
859 1217 1031 1282 concedas.
1074 1241 1174 1282 unum
1201 1219 1302 1303 igitur
1324 1218 1419 1284 relin-

271 1321 382 1407 quitur
415 1319 535 1384 lemma
566 1319 723 1385 abnorme
756 1341 788 1404 p.
810 1318 883 1399 492,
907 1322 927 1382 8
949 1327 1053 1400 ceolla,
1086 1320 1143 1384 ubi
1165 1320 1313 1398 Deuicti‚
1343 1321 1419 1406 περὶ

208 1440 213 1448 “
272 1425 464 1506 φιλονικῖας
491 1421 698 1485 Varroniana
724 1422 922 1486 nominatur.
972 1420 1035 1486 hoc
1063 1431 1172 1486 tamen
1197 1445 1298 1486 unum
1331 1423 1419 1508 quod

270 1525 468 1610 nescioquo
493 1524 758 1610 pactoordinem
794 1523 977 1588 turbauerit
1004 1546 1121 1610 parum
1148 1522 1257 1589 ualere
1286 1509 1419 1588 conseri-

270 1637 401 1692 taneum
425 1635 483 1691 est.
529 1625 699 1709 sicigitur
721 1637 813 1712 patet
840 1648 923 1711 quae
945 1626 1013 1690 fere
1035 1629 1116 1691 ratio
1146 1627 1246 1690 fuerit
1267 1625 1418 1706 fontium,

270 1738 355 1815 quot¹
387 1737 515 1793 saturas
550 1736 583 1792 et
615 1750 696 1813 quas
725 1727 947 1814 praebuerint.
997 1725 1093 1792 ualde
1128 1737 1236 1791 tamen
1265 1727 1420 1793 intricata

269 1832 351 1895 haec
373 1839 423 1894 est
444 1830 593 1916 quaestio
622 1829 714 1893 euius
744 1829 870 1893 Nonius
898 1851 977 1893 usus
1005 1829 1048 1895 sit
1077 1827 1181 1895 libris.
1231 1852 1296 1915 qua
1323 1834 1356 1894 in
1384 1851 1419 1893 re

270 1934 427 1997 neminem
462 1932 577 2016 opinor
608 1930 715 2015 fugiet
742 1941 900 2017 quantum
928 1930 1111 1996 intercedat
1140 1931 1313 1996 discrimen
1336 1933 1419 1995 inter

277 2033 555 2098 Varronianorum
578 2032 676 2096 series
707 2041 740 2097 et
761 2031 835 2095 illas
859 2053 939 2118 quaa
968 2055 1069 2119 supra
1091 2034 1341 2119 composuimus.
1385 2037 1419 2097 in

272 2135 437 2222 prioribus
469 2135 561 2198 enirn
596 2133 764 2198 ordinibus
802 2155 876 2198 cum
913 2132 1136 2218 exemplorum
1172 2135 1417 2200 subseciuorum

271 2259 374 2322 paene
397 2234 501 2302 siluae
524 2256 621 2321 saepe
643 2234 809 2320 primariis
833 2235 1099 2320 adiungerentur,
1122 2238 1157 2300 in
1178 2235 1229 2299 his
1245 2237 1419 2302 subseciua

271 2352 374 2424 prope
397 2336 486 2401 nulla
516 2345 573 2401 aut
601 2337 629 2400 si
657 2359 722 2422 qua
748 2336 903 2421 leguntur
930 2360 972 2402 ex
998 2338 1079 2424 ipsis
1107 2337 1284 2402 Varronis
1299 2341 1417 2411 saturis

271 2439 383 2504 adlata
405 2447 491 2504 sunt.
536 2459 637 2525 quare
665 2437 757 2504 fonte
784 2461 862 2503 usus
892 2439 1025 2505 uidetur
1055 2439 1181 2504 Nonius
1212 2440 1294 2505 satis
1316 2441 1416 2522 tenui,

270 2541 335 2604 nisi
358 2541 430 2626 quis
453 2541 538 2605 forte
566 2539 672 2626 ipsum
696 2549 824 2604 saturas
854 2540 981 2625 legisse.
995 2542 1119 2627 putarit
1140 2550 1174 2605 et
1201 2541 1416 2627 excerpsisse,

270 2643 358 2729 quod
380 2664 440 2727 ego
467 2664 533 2707 non
561 2640 670 2723 crede,
694 2663 770 2704 nam
799 2652 876 2708 sunt
902 2643 937 2707 in
964 2641 1124 2708 Nonianis
1152 2664 1235 2728 quae
1267 2652 1416 2723 ueterum

270 2745 569 2829 grammaticorum
583 2743 844 2808 recordationem
873 2745 968 2809 nobis
1001 2731 1163 2810 incutiant
1189 2753 1226 2808 ut
1250 2744 1333 2809 'sane
1365 2744 1417 2808 hic

269 2869 398 2933 quoque
434 2845 580 2910 Numida
615 2853 781 2909 auctorem
814 2845 1009 2910 iudicandus
1048 2846 1091 2910 sit
1128 2867 1199 2910 esse
1235 2855 1416 2910 assectatur

271 2947 458 3014 doctiorem.
492 2970 598 3033 neque
619 2946 879 3043 improbabiliter
901 2957 1187 3013 commentatorem
1211 2948 1416 3032 cogitaueris,

271 3071 469 3136 quamquam
492 3049 593 3112 firmis
616 3051 818 3134 argumentis
841 3071 965 3114 careas.
992 3049 1173 3114 identidem
1196 3059 1305 3114 tamen
1321 3051 1415 3114 etiam
1481 3077 1483 3083 ⁸

268 3154 303 3216 in
335 3150 386 3216 his
419 3150 588 3217 ordinibus
622 3151 777 3238 antiquae
801 3149 968 3216 doctrinae
990 3150 1133 3216 frustula
1164 3152 1309 3237 repperi,
1339 3149 1415 3236 quid

270 3252 357 3340 quod
371 3275 603 3338 nonnunquam
619 3275 703 3339 quae
718 3253 823 3318 Varro
836 3254 918 3339 -ipse
934 3253 1046 3318 docuit
1061 3252 1186 3316 Nonius
1202 3252 1256 3316 hic
1272 3252 1415 3338 repetiit!

271 3355 432 3420 ascribam
455 3353 620 3440 exempla:

270 3557 355 3623 Non.
378 3579 410 3643 p.
433 3557 486 3638 27,
508 3557 560 3620 22.
602 3570 695 3637 putus
715 3572 759 3625 est
779 3565 877 3625 dictus
903 3566 1078 3640 epotando
1101 3583 1128 3625 e.
1152 3581 1182 3646 q.
1206 3582 1232 3625 a.

270 3658 312 3724 of.
336 3659 425 3723 Fest.
448 3681 481 3744 p.
503 3659 565 3723 217
595 3661 650 3745 qui
674 3661 810 3727 eandem
832 3664 924 3727 uocis
948 3671 980 3727 et
1003 3660 1232 3747 etymologiam
1261 3671 1294 3726 et
1315 3659 1414 3746 expli·

397 3760 560 3824 cationem
583 3760 717 3827 exhibet
733 3763 883 3850 idemque
898 3763 1121 3831 testimonium
1138 3762 1327 3830 Plautinum
1345 3783 1413 3849 pro-

396 3862 472 3927 fert.
517 3861 559 3925 cf.
583 3861 689 3928 Varro
713 3865 754 3929 de
776 3864 797 3929 l.
821 3864 842 3929 l.
867 3864 915 3929 VI
938 3869 958 3947 ξ
980 3866 1031 3930 63.
1068 3864 1153 3930 Gall.
1176 3865 1217 3929 N.
1234 3865 1275 3928 A.
1294 3863 1369 3934 Vll,
1385 3863 1414 3926 5.

269 4067 355 4132 Non.
378 4091 410 4152 p.
433 4067 486 4151 47,
512 4068 561 4132 17.
604 4076 758 4146 precaria
786 4077 852 4134 loca
881 4077 912 4134 tn
940 4075 1057 4134 horreis
1087 4074 1247 4134 servandis
1274 4075 1413 4132 seminum

395 4175 510 4246 prunis.
535 4191 562 4233 e.
586 4192 617 4255 q.
642 4192 668 4235 a.

271 4271 313 4333 cf.
337 4269 444 4335 Varro
474 4269 514 4335 de
537 4271 558 4335 l.
582 4271 603 4334 l.
626 4270 657 4335 V
681 4275 701 4352 ξ
726 4272 794 4335 105.
826 4279 1007 4349 arenarium
1041 4278 1091 4338 ubi
1114 4294 1245 4350 eranum
1270 4275 1416 4348 frumenti

396 4376 565 4436 condebant
585 4395 613 4436 e.
636 4396 667 4458 q.
692 4395 717 4436 s.
