3160 5130
655 375 841 437 ..9.-

140 615 141 622 *
182 541 332 606 redeunt:
362 545 527 620 παλλακίς
554 549 591 607 de
620 550 736 610 Graeco
763 555 806 610 cst
830 547 976 631 flexuml)
1007 546 1063 630 (cf.
1097 546 1196 612 Nonii
1224 548 1326 612 uerba

182 665 202 706 a
237 650 352 709 Graeco
380 652 527 711 uocabulo
561 652 810 725 sipirificutienem
827 645 829 652 ’
844 655 985 724 inflexum
1015 651 1157 733 putam),
1192 631 1232 713 ne
1266 650 1325 713 hoc

181 743 321 812 maxime
332 769 469 832 urgeam
481 748 568 833 quod
580 750 668 834 apud
684 749 826 814 Nonium
849 750 1066 836 etymologiae
1089 750 1176 815 illius
1194 773 1214 815 a
1235 751 1326 837 pelli-

181 847 288 913 ciendi
311 870 392 913 uoce
414 849 532 916 ductae
556 873 615 917 nee
638 852 714 916 uela
735 874 795 916 nec
810 853 986 938 uestigium
1002 853 1056 935 sit,
1078 855 1177 920 immo
1193 874 1326 940 prorsus

183 950 248 1016 alia
269 960 373 1031 pellex
404 952 554 1017 uocabuli
577 955 667 1038 origo
691 975 710 1016 a
732 954 860 1020 Graeca
892 976 972 1019 uoce
1004 963 1179 1042 repetatur.
1223 977 1326 1042 neque

184 1064 234 1119 cst
255 1077 313 1120 cur
335 1053 525 1120 Marcellum
548 1054 691 1120 frustula
713 1057 874 1142 quaedam
896 1057 1029 1122 aliunde
1051 1068 1165 1142 postea
1187 1057 1327 1144 repetita

182 1156 353 1222 ordinibus
365 1156 542 1222 inseruisse
554 1159 624 1223 siue
634 1168 671 1224 ut
686 1159 796 1223 uerius
813 1160 929 1242 dicam,
952 1159 998 1224 ibi
1014 1161 1156 1224 assuisse
1171 1181 1327 1242 negemus

184 1257 242 1323 ubi
264 1260 406 1324 maxime
427 1282 486 1345 per
509 1260 608 1345 spatii
630 1263 906 1347 opportunitatem
930 1260 1061 1326 licebat.
1090 1260 1177 1348 quod
1193 1261 1327 1348 quidem

183 1383 219 1425 re
241 1383 321 1426 uera
343 1383 440 1446 saepe
463 1361 586 1426 factum
608 1385 680 1427 esse
703 1384 776 1426 cum
792 1385 853 1449 per
875 1386 945 1428 sese
961 1363 1136 1428 admodum
1153 1373 1202 1428 est
1225 1364 1327 1429 credi·

185 1463 250 1528 bile
279 1472 347 1528 tum
376 1455 509 1529 tertulim'
534 1463 651 1528 lemma
678 1467 712 1529 in
745 1467 817 1551 ipso
852 1465 1075 1530 Plautinorum
1105 1465 1328 1551 exemplorum
1363 1539 1367 1549 Ι

184 1565 298 1630 ordine
322 1566 514 1631 documento
533 1576 592 1630 est.
623 1557 775 1632 namhoc
791 1589 920 1654 quoque
935 1568 1054 1634 lemma
1068 1576 1183 1654 postea
1198 1570 1329 1631 demum

185 1692 205 1731 a
228 1667 333 1733 Nonio
356 1669 525 1732 inuentum
548 1669 594 1732 ibi
617 1669 755 1733 affixum
778 1691 850 1733 esse
873 1669 930 1734 ubi
953 1671 1097 1756 spatium
1114 1669 1326 1754 permitteret,

184 1768 282 1833 facile
311 1792 404 1856 spero
434 1779 465 1834 tc
493 1792 564 1834 esse
592 1791 821 1835 concessurum
854 1773 882 1836 si
911 1771 953 1835 ad
980 1771 1087 1856 ipsum
1110 1770 1196 1857 quod
1220 1768 1329 1833 adfert

186 1872 311 1937 Nonius
339 1871 540 1958 exemplum,
570 1882 602 1936 te
623 1871 824 1958 relegauero.
870 1882 920 1938 est
943 1875 1027 1937 enim
1050 1872 1083 1937 id
1113 1873 1287 1957 repetitum
1312 1896 1328 1934 e

186 1975 342 2038 Varronis
367 1974 408 2038 de
431 1975 500 2039 uita
522 1973 634 2060 populi
657 1975 794 2040 Romani
818 1973 901 2041 libro
925 1977 1040 2062 primo.
1085 1975 1177 2062 atqui
1200 1973 1327 2042 Sclrotl·

188 2076 361 2141 muellerus
390 2088 456 2141 tam
484 2087 580 2142 acute
607 2100 705 2165 quam
731 2077 945 2163 probabiliter
975 2101 1017 2143 ex
1045 2079 1117 2164 ipsa
1143 2076 1287 2142 locorum
1312 2099 1329 2139 e

188 2179 345 2244 Varronis
381 2179 421 2242 de
449 2179 520 2243 uita
552 2175 664 2265 pepuli
694 2180 833 2244 Romani
868 2178 961 2243 libris
996 2179 1243 2266 desumptarum
1273 2199 1331 2261 per

188 2290 293 2346 totum
316 2279 445 2345 lexicon
468 2281 680 2367 discriptione
697 2305 734 2347 ac
750 2282 931 2366 digestione
946 2282 1025 2347 haee
1041 2279 1221 2366 collegit⁹):
1240 2278 1330 2344 ‘viel-

188 2381 288 2447 leicht
311 2382 438 2447 erklart
460 2382 529 2448 sich
551 2382 694 2466 hiereos,
718 2382 864 2448 weshalb
887 2383 940 2448 die
963 2384 1071 2448 Citate
1093 2407 1152 2448 aus
1169 2382 1274 2446 Varro
1290 2380 1331 2444 de

189 2483 259 2548 uita
281 2507 312 2570 p.
337 2483 376 2547 Il.
400 2507 436 2548 so
459 2495 621 2550 zerstreut
644 2485 734 2568 sind3
757 2485 883 2549 Nonius
908 2485 1033 2550 scheint
1056 2486 1103 2549 sie
1131 2507 1173 2548 an
1197 2481 1331 2562 Stellae,

189 2609 239 2650 wo
263 2586 331 2651 sicli
353 2586 455 2671 grade
477 2585 569 2652 Platz
593 2587 685 2668 fund,
708 2586 952 2672 nachgetragen
967 2586 1035 2650 und
1050 2609 1112 2651 nur
1128 2587 1222 2650 einen
1238 2584 1332 2648 Thcil

190 2712 242 2753 am
270 2688 422 2754 Schlusse
451 2687 554 2754 selbst
586 2690 744 2774 augef'rigt
770 2712 812 2752 zu
840 2689 971 2754 haben?
1004 2711 1107 2775 neque
1141 2687 1207 2753 ulle
1235 2686 1331 2750 modo

190 2793 370 2856 timendum
393 2801 505 2856 estne
528 2790 698 2877 quisquam
721 2791 797 2854 huic
820 2792 1025 2856 coniecturae
1048 2830 1086 2837 —
1103 2792 1182 2855 mihi
1200 2789 1332 2876 quidem

191 2893 287 2958 ualde
310 2894 465 2980 probatae
485 2932 530 2945 »-
552 2895 671 2957 existat
694 2893 913 2957 aduersarius.
944 2902 1043 2958 testes
1060 2903 1168 2956 autem
1191 2889 1331 2974 locuple-

192 2995 307 3060 tissimi
330 2994 424 3060 nobis
448 2996 608 3061 accedunt
631 2994 761 3059 ordines
783 2993 830 3057 illi
854 2993 999 3060 locorum
1024 3017 1064 3058 ex
1081 2991 1153 3056 aliis
1169 2993 1333 3079 scriptori·
1381 2999 1382 3004 ’

191 3098 253 3162 bus
276 3107 526 3181 congestorum,
556 3119 637 3182 quos
661 3094 823 3159 Plautinis
847 3095 973 3159 Nonius
998 3095 1145 3158 inseruit.
1182 3118 1215 3181 p.
1239 3094 1290 3176 83,
1315 3095 1332 3158 7

193 3198 352 3285 incipiunt
379 3200 530 3263 Plautina
559 3221 578 3262 a
605 3197 756 3262 lemmate
783 3207 931 3278 cernente3
961 3196 1223 3261 intermittuntur
1249 3195 1332 3259 Var-

193 3300 327 3364 roniana
351 3302 514 3386 usquead
538 3307 681 3365 comedim
701 3299 785 3363 inde
813 3321 917 3384 aquo
946 3298 1099 3363 lemmate
1127 3298 1335 3362 continuatur

193 3403 271 3466 ordo
299 3403 480 3468 Plautinus
526 3401 675 3466 similiter
704 3423 755 3465 res
785 3423 856 3466 sese
884 3400 984 3464 habet
1006 3423 1037 3485 p.
1063 3400 1133 3480 l‘ll,
1158 3401 1175 3463 7
1201 3423 1270 3486 sqq.
1294 3439 1334 3446 -

118 3533 121 3540 ⁴
192 3505 364 3570 Lemmata
393 3515 501 3569 autem
529 3503 687 3592 exemplis
717 3527 734 3567 c
761 3503 918 3568 Varronis
947 3501 987 3566 de
1014 3503 1085 3566 uita
1112 3525 1143 3588 p.
1173 3503 1213 3566 lt.
1241 3502 1334 3566 libris

193 3605 394 3692 depromptis
423 3605 587 3671 illustrata
615 3607 743 3691 saepius
773 3605 806 3668 in
834 3604 965 3668 ordines
994 3605 1122 3668 intrusa
1149 3613 1224 3668 srmt
1245 3603 1336 3666 uelut

195 3731 225 3793 p.
249 3708 290 3771 43
313 3729 362 3792 sq.
381 3719 564 3788 paupertas,
584 3714 722 3786 pendere
744 3729 774 3791 p.
798 3707 857 3769 421
884 3729 953 3792 sqq.
982 3714 1111 3771 osculum
1140 3717 1169 3769 et
1196 3711 1335 3770 senarium

195 3819 227 3872 et
250 3809 323 3873 alia.
368 3819 510 3874 ceterum
538 3831 612 3873 curn
641 3807 853 3872 distribueret
882 3808 1088 3872 Varroniana
1117 3808 1149 3894 (e
1172 3807 1264 3871 libris
1294 3804 1354 3868 de.

193 3911 252 3976 uit.
276 3935 308 3998 p.
334 3913 383 3992 R„
408 3911 448 3975 de
471 3935 506 3975 re
528 3923 620 3991 rust,
645 3911 740 3992 Cato)
763 3933 828 3975 non
852 3911 950 3996 spatii
966 3919 1093 3974 tantum
1113 3908 1334 3994 opportunita-

194 4025 259 4076 tem
282 4014 423 4078 Nonium
445 4015 628 4098 respexisse
652 4012 910 4077 existimabimus
934 4012 991 4076 sed
1014 4011 1111 4076 etiam
1134 4012 1239 4096 ipsam
1259 4009 1335 4072 lem-

194 4115 289 4180 matis
312 4126 476 4180 naturam.
506 4137 610 4201 neque
634 4115 719 4180 enirn
743 4137 821 4177 casu
845 4115 969 4177 factum
992 4135 1064 4176 esse
1087 4110 1266 4197 putandum
1286 4119 1337 4173 est

195 4227 232 4282 ut
254 4226 385 4283 osculum
409 4231 438 4282 et
459 4224 597 4282 stercutum
619 4220 737 4283 lemma
755 4216 784 4279 ei
802 4216 1007 4302 potissimum
1025 4212 1123 4299 capiti
1139 4213 1336 4277 tribueretur

264 4459 289 4523 e)
311 4459 353 4509 cr.
373 4457 444 4512 aeri.
466 4459 497 4512 u.
517 4458 547 4508 A.
567 4455 613 4520 rr,
633 4461 657 4521 3,
677 4459 700 4507 s.

264 4543 290 4610 e)
310 4545 353 4597 er.
372 4543 389 4596 1.
410 4543 427 4599 1.
446 4560 472 4609 p.
491 4545 550 4594 aaa
