3160 5126
722 359 954 426 -132-

266 557 363 626 quam
394 535 500 620 ipsum
534 554 573 597 ea
606 553 647 597 ex
674 531 824 598 Varrone
852 531 1066 618 exscripsisse
1093 532 1236 598 maxime
1263 532 1347 596 hanc
1369 534 1413 598 ob

264 657 416 701 caussam
439 634 525 721 quod
548 655 646 718 saepe
669 632 820 719 exempla
842 657 907 700 non
929 635 976 698 ita
996 633 1190 722 adferuntur
1212 645 1250 700 ut
1266 636 1311 698 eis
1327 657 1414 721 quae

266 749 364 802 antea
392 736 543 824 exposita
572 744 647 800 sunt
674 745 731 801 aut
759 735 963 821 explicentur
990 744 1046 800 aut
1074 736 1326 821 comprobentur
1353 736 1414 800 sed

223 905 225 908 .
265 840 373 927 potius
406 847 443 902 ut
470 837 652 902 Varronem
680 859 719 901 ea
746 838 819 923 ipsa
847 836 1034 924 explicandi
1062 837 1189 902 ratione
1217 860 1311 902 usum
1339 860 1412 902 esse

266 940 459 1006 declaretur.
505 961 569 1025 qua
590 939 722 1026 quidem
743 960 778 1004 re
797 939 881 1004 ‘satis
905 938 1059 1004 differunt
1080 939 1285 1026 compositie
1306 939 1414 1005 tribus

264 1042 330 1106 illis
354 1043 483 1128 scriptis
507 1041 637 1125 ordines
654 1042 695 1106 ab
718 1042 764 1104 eis
780 1063 860 1126 quos
877 1063 976 1128 supra
992 1063 1009 1106 e
1025 1042 1262 1106 commentariis
1278 1041 1415 1106 fluxisse

266 1144 420 1210 diximus.
465 1144 556 1208 uelut
578 1143 612 1206 in
635 1143 867 1212 commentario
878 1142 1030 1207 Plautino
1043 1143 1171 1208 Nonius
1185 1144 1231 1229 (p.
1244 1143 1275 1226 9,
1288 1144 1329 1208 33
1341 1165 1413 1229 sqq.

261 1247 384 1330 focula)
415 1267 489 1309 cum
516 1244 559 1308 ad
587 1243 696 1309 Plauti
724 1243 816 1313 Pers.
838 1245 867 1327 I,
890 1247 921 1327 3,
950 1245 992 1309 24
1019 1245 1213 1310 adnotatum
1235 1243 1415 1310 inuenisset

264 1348 346 1435 quid
367 1357 456 1413 esset
478 1345 634 1430 foculum,
658 1369 731 1412 cum
755 1345 1055 1436 interpretationem
1077 1369 1193 1411 uersus
1214 1357 1284 1413 tum
1305 1347 1414 1432 ipsum

210 1520 214 1538 Ι
264 1473 396 1515 uersum
426 1449 643 1536 transcripsit.
687 1458 802 1514 contra
829 1451 863 1513 in
891 1448 1105 1514 Varronianis
1134 1448 1199 1512 illis
1223 1447 1414 1513 uocularum

265 1550 336 1616 siue
359 1550 576 1638 etymologiae
599 1552 668 1616 siue
692 1550 948 1636 significationes
972 1552 1014 1617 ab
1037 1549 1108 1637 ipso
1130 1549 1280 1615 Varrone
1303 1547 1414 1636 expla-

263 1663 360 1718 natae
391 1662 478 1736 sunt,
511 1653 622 1739 itaque
650 1675 681 1739 p.
704 1653 762 1736 23,
786 1654 822 1717 2]
860 1659 1058 1720 calendarum
1091 1653 1182 1717 uocis
1216 1651 1415 1738 etymologia

196 1799 198 1805 .
264 1754 414 1842 exemplo
427 1755 585 1820 Varronis
608 1753 802 1841 explicatur.
830 1754 918 1819 idern
940 1777 973 1842 p.
988 1755 1042 1836 23,
1064 1755 1107 1820 25
1128 1761 1290 1820 causatum.
1315 1777 1414 1840 quam

265 1858 308 1924 ob
330 1880 398 1922 rem
420 1858 507 1920 ‘haec
535 1855 681 1942 profecto
709 1855 900 1926 uerisimile·
917 1866 967 1921 est
987 1855 1131 1923 Nonium
1161 1878 1203 1920 ex
1229 1857 1301 1942 ipso
1329 1855 1412 1920 Var-

264 1981 343 2024 rone
366 1957 526 2022 hausisse.
572 1958 708 2023 eandem
729 1980 799 2022 rem
820 1978 1053 2046 usquequaque
1076 1956 1237 2023 accidisse
1260 1959 1411 2023 obserua-

269 2083 372 2125 uerrs:
464 2102 467 2109 -

265 2235 297 2300 p.
320 2213 374 2296 43,
397 2212 454 2278 31:
474 2223 645 2294 paupertas
668 2219 751 2278 dicta
772 2225 816 2278 est
836 2235 856 2278 a
873 2220 1036 2293 pecunia
1057 2235 1191 2294 parua.
1232 2219 1356 2277 Varro
1371 2217 1414 2276 de

396 2322 478 2379 uita
508 2321 642 2395 papuli
667 2319 824 2379 Romani
847 2320 908 2380 aa.
937 2320 971 2379 I:
1004 2322 1182 2396 ‘pecunia
1211 2335 1307 2393 quae
1333 2326 1415 2379 erat

390 2437 532 2495 parua;
549 2422 593 2480 ab
608 2437 648 2481 eo
665 2427 879 2497 paupertas
900 2422 1017 2491 dicta,
1040 2424 1146 2481 euius
1161 2423 1414 2497 paupertatis

394 2537 563 2597 mappam
586 2523 827 2584 testimouium
850 2526 932 2583 est'

265 2645 297 2708 p.
319 2622 371 2702 44,
394 2620 432 2683 4:
454 2625 593 2699 pacatae
623 2625 720 2684 Varro
741 2626 895 2684 existimat
915 2642 952 2684 ea
967 2642 1060 2686 causa
1083 2627 1145 2686 diei
1165 2626 1245 2700 quad
1264 2627 1331 2699 pur'
1349 2641 1414 2700 ape

392 2727 612 2800 tadiperaut
645 2733 679 2785 et
713 2727 762 2784 ad
797 2729 939 2802 asylum
974 2728 1122 2787 Cereris
1140 2727 1413 2802 'consapisseut

342 2813 348 2824 .
388 2831 504 2903 partis
537 2827 707 2888 araretur.
747 2829 889 2902 paudere
924 2845 997 2903 erpa
1026 2832 1114 2904 quasi
1138 2846 1247 2903 partem
1279 2829 1356 2888 aare
1385 2836 1430 2905 et

393 2932 473 3005 quaa
487 2947 639 3004 uunquam
650 2929 762 3002 fartum
772 2929 887 2990 -tataas
901 2932 1102 3006 clauderetur,
1119 2931 1161 2989 de
1183 2933 1262 2991 uita
1282 2931 1415 3006 papuli

381 3031 551 3091 Romani
565 3031 621 3091 tta.
645 3031 678 3089 I:
707 3031 805 3091 ‘ltaue
828 3033 915 3093 deaut
937 3035 1041 3093 melius
1063 3039 1153 3108 putat
1173 3049 1236 3091 esse
1261 3031 1413 3098 Cererem·

392 3133 458 3193 sed
473 3119 569 3208 quad
588 3134 624 3192 in
646 3136 791 3208 asylum
813 3139 876 3210 qut
889 3133 1144 3211 consupisset,
1164 3135 1278 3209 panis
1300 3134 1412 3192 dare-

337 3273 340 3280 »
393 3242 470 3313 tur,
493 3252 573 3295 esre
599 3251 727 3294 nomeu
753 3234 889 3306 fictum
919 3253 939 3296 a
964 3253 1063 3312 parte
1091 3235 1216 3295 alauda
1242 3234 1413 3310 paudere

394 3338 475 3410 quad
495 3343 539 3396 est
559 3339 693 3412 aperire.

267 3456 299 3518 p.
323 3434 375 3516 61,
402 3433 454 3497 15:
485 3442 636 3511 lepamr'aa
666 3439 765 3499 Varro
788 3439 828 3498 de·
851 3456 885 3498 re
913 3442 1027 3500 rustica
1049 3440 1099 3500 lib.
1123 3440 1143 3498 I
1162 3441 1243 3498 dicta
1263 3441 1414 3500 existimat

394 3553 453 3598 aaa
482 3540 562 3613 quad
588 3546 724 3600 secentur
752 3540 818 3600 sed
845 3540 942 3614 quoa
967 3544 1162 3616 teporatur:
1191 3525 1308 3602 ‘cetera
1338 3557 1413 3615 puae

394 3643 547 3713 uellantur
576 3643 607 3712 [e
637 3650 731 3710 terra,
765 3658 823 3701 aaa
859 3643 1069 3703 subsecantur:
1094 3625 1200 3718 ¹puae
1230 3644 1327 3720 quad
1361 3645 1411 3703 ita

395 3744 591 3818 teporatur]
613 3745 801 3818 lepumtua
824 3745 951 3804 dicta?

352 3890 504 3956 Ceterum
526 3890 726 3958 concordant
748 3892 846 3956 etiam
868 3892 1019 3978 exempla
1033 3916 1051 3958 e
1067 3894 1171 3959 tribus
1194 3892 1258 3957 illis
1283 3893 1409 3979 scriptis

225 4073 228 4079 Ι
268 4001 399 4080 sumpta
413 4015 487 4058 cum
502 3994 549 4058 cis
572 4014 654 4078 quac
677 3993 783 4058 Varro
806 3993 883 4072 alibi
908 3995 949 4059 dc
972 3994 1096 4059 eisdem
1118 3996 1216 4061 rebus
1233 3994 1409 4060 tradiderat

201 4173 204 4181 .
268 4104 305 4158 ut
320 4095 405 4159 Non.
428 4119 460 4181 p.
483 4095 524 4160 23
546 4100 745 4160 calendarum
768 4117 841 4159 cum
865 4095 960 4160 Varr.
984 4096 1025 4161 de
1047 4095 1069 4159 l.
1093 4094 1114 4160 l.
1137 4095 1187 4161 Vl
1209 4100 1230 4176 ξ
1250 4096 1303 4178 27,
1327 4095 1406 4160 Non.

268 4195 391 4260 ibidem
412 4205 566 4262 causatum
590 4219 663 4262 cum
686 4198 781 4262 Varr.
805 4198 845 4262 de
868 4197 889 4260 l.
913 4196 935 4262 l.
958 4197 989 4262 V
1012 4199 1032 4278 ξ
1054 4198 1106 4263 87.
