3160 5130
654 348 866 412 ,ὗμ-

190 527 321 581 auctore
344 515 392 581 uti
407 515 551 602 potuerit
566 516 707 598 Nonius,
730 517 885 602 quoniam
908 540 947 582 ne
963 519 1226 605 nomenquidem
1249 540 1333 583 com-

186 620 377 683 mentatoris
402 609 563 681 nodlmus.
600 641 696 705 quem
720 619 805 682 enim
828 629 1081 685 commentatum
1097 643 1168 684 esse
1190 619 1334 684 Lucretii

188 721 334 784 carmina
354 718 588 784 adfirmauerat
604 720 800 805 Suringarus
817 720 949 786 Velium
964 721 1132 807 Longum,
1156 744 1228 785 eum
1249 723 1335 785 inter

186 821 333 885 Lucretii
355 822 549 908 interpretes
580 822 687 886 locum
718 822 781 886 sibi
809 822 979 888 uindicare
1009 825 1080 888 iure
1108 824 1243 908 negauit
1264 823 1334 887 Rit-

186 921 328 987 schclius
359 924 414 1006 (cf.
438 923 572 1007 Parerg.
594 947 627 1010 p.
650 925 728 1009 363)
757 947 862 1010 neque
889 925 1152 990 Graefenhanius
1182 926 1335 1012 (historia

186 1024 382 1112 philologiae
412 1023 501 1110 apud
528 1033 655 1090 ueteres
684 1026 731 1090 IV
759 1049 792 1113 p.
815 1027 891 1112 263)
915 1027 1017 1092 ullum
1047 1037 1334 1093 commentatorem

188 1149 223 1190 se
238 1149 336 1192 nosse
353 1127 532 1213 profitetur.
571 1149 767 1215 quamquam
783 1151 861 1193 uero
880 1129 1008 1193 Velium
1022 1130 1174 1215 Longum
1189 1129 1335 1194 Lucretii

187 1229 332 1293 carmina
354 1252 418 1294 non
440 1251 574 1315 prorsus
598 1240 808 1316 aspernatum
831 1253 902 1295 esse
924 1231 1155 1296 Lachmannus
1179 1231 1221 1294 ad
1237 1232 1332 1295 Lucr.

186 1331 257 1413 III,
287 1331 329 1394 94
357 1353 386 1416 p.
412 1331 471 1394 146
500 1330 752 1415 demonstrauit,
786 1332 883 1397 ualde
911 1343 1021 1398 tamen
1049 1333 1249 1399 dubitationi
1278 1333 1334 1398 ob-

186 1433 286 1497 noxia
301 1440 352 1496 est
366 1433 512 1518 quaestio
529 1456 606 1497 num
622 1434 760 1498 eundem
776 1433 925 1519 Longum
940 1436 974 1498 in
991 1433 1151 1499 auxilium
1166 1435 1334 1500 uocauerit

185 1533 324 1598 Nonius.
362 1557 468 1621 neque
489 1533 628 1600 multum
648 1535 852 1622 proficiemus
874 1537 1065 1624 Hieronymi
1091 1536 1160 1601 loco
1178 1535 1333 1623 (Apolog.

186 1636 221 1698 in
243 1635 351 1699 Rufin.
376 1634 393 1699 I
414 1659 446 1722 p.
469 1637 547 1722 367)
576 1659 640 1723 quo
671 1638 894 1702 commentarii
922 1639 956 1701 in
978 1638 1166 1702 Lucretium
1194 1659 1331 1702 comme-

188 1749 374 1820 morantur,
407 1738 602 1824 praesertim
636 1751 709 1804 oum
737 1738 880 1803 Lucretii
915 1763 1033 1805 nomen
1068 1739 1113 1804 ibi
1145 1741 1208 1802 uiri
1242 1739 1329 1805 docti

186 1839 440 1924 addubitent.²⁶)

272 1941 423 2029 Denique
445 1965 509 2007 non
531 1943 635 2028 magis
659 1965 727 2007 rem
755 1966 982 2029 processuram
1005 1965 1139 2029 sperare
1160 1943 1236 2008 lieet
1258 1966 1332 2008 con—

185 2043 367 2108 ferentibus
384 2044 478 2110 nobis
495 2051 629 2110 aeterina
643 2043 787 2129 glossam
805 2047 851 2133 (p.
861 2046 913 2131 13)
931 2069 1005 2110 eum
1018 2044 1133 2132 Opillii
1148 2046 1332 2130 fragmento

185 2146 273 2231 apud
289 2146 428 2210 Paulum
450 2149 492 2229 (s.
508 2169 540 2210 u.
556 2147 748 2229 celerinum),
771 2148 860 2232 quod
882 2149 946 2212 iam
971 2168 1069 2232 supra
1083 2146 1227 2211 uidimus
1250 2147 1331 2210 satis

186 2248 374 2334 discrepare
397 2248 439 2313 ab
462 2248 560 2312 Nonii
584 2249 789 2335 expositione
812 2247 901 2334 (uide
924 2247 998 2314 adn.
1021 2248 1089 2333 21).

271 2350 379 2415 Vnum
412 2349 544 2436 quidem
577 2351 752 2436 uestigium
785 2351 1010 2417 Varronianae
1043 2349 1211 2414 doctrinae
1244 2348 1329 2434 apud

185 2451 328 2516 Nonium
357 2459 449 2517 extat
476 2452 509 2515 in
537 2453 744 2518 Lucretianis
772 2452 943 2517 ordinibus
973 2475 999 2514 s.
1027 2473 1060 2514 u.
1088 2452 1233 2530 crepera:
1267 2459 1333 2512 ‘res

183 2561 308 2634 proprie
332 2559 442 2618 dicitur
467 2558 577 2627 dubia·
608 2561 687 2619 ande
710 2566 740 2620 et
760 2561 969 2634 crepusculum
996 2559 1108 2618 dicitur
1137 2560 1192 2616 lua
1215 2557 1330 2618 delrio?

185 2654 229 2719 cf.
253 2655 361 2721 Varro
385 2659 405 2719 l.
429 2656 535 2720 LVII
558 2660 577 2737 ξ
602 2657 641 2721 77
664 2657 708 2721 Μ.
735 2657 791 2742 (cf.
807 2657 857 2720 VI
880 2656 966 2740 §5):
998 2661 1217 2734 ‘crepusculum
1240 2659 1331 2716 αδα-

185 2761 262 2820 birris
288 2763 370 2836 quod
395 2762 429 2822 id
455 2763 574 2822 dubium
603 2769 717 2839 tempas
747 2765 841 2824 noetis
869 2778 908 2820 aa
937 2762 998 2820 ἀίει·
1023 2765 1085 2821 ει7.’
1131 2778 1233 2842 neque
1263 2757 1332 2818 ueri

186 2856 347 2922 dissimile
374 2857 507 2924 uidetur
533 2861 568 2922 in
590 2859 794 2926 Lucretianis
823 2881 951 2946 quoque
980 2857 1150 2923 ordinibus
1177 2853 1331 2919 nonnulla

186 2960 379 3046 deprompta
394 2983 412 3024 e
427 2961 586 3025 Varronis
610 2962 712 3048 copiis
729 2962 878 3040 subesse,
901 2960 1097 3026 nobilissimi
1120 2957 1207 3022 illius
1223 2979 1330 3041 gram·
1397 3015 1399 3019 .

187 3064 298 3128 matici
320 3063 412 3127 cuius
435 3086 477 3128 cx
499 3062 625 3129 horreis
649 3062 833 3148 omnesqui
855 3071 969 3148 postea
984 3063 1017 3125 in
1033 3069 1102 3124 arte
1117 3061 1332 3145 grammatica

187 3187 319 3252 operam
335 3165 536 3230 collocarunt
550 3166 697 3230 hortulos
717 3187 793 3228 suos
815 3164 971 3247 irrigasse
994 3173 1248 3227 consentaneum
1271 3171 1331 3226 est.

271 3268 342 3330 Iam
365 3289 462 3354 porro
478 3290 529 3331 me
552 3268 580 3332 si
596 3268 742 3354 sequaris
759 3267 860 3330 siluas
876 3264 1043 3329 Nonianas
1059 3273 1331 3350 perscrutantem,

186 3392 251 3434 uno
275 3369 426 3435 lemmate
448 3393 521 3434 oum
541 3371 711 3435 Naeuiano
734 3367 883 3452 exemplo
907 3367 1093 3431 intermisso
1115 3375 1191 3454 post
1212 3368 1323 3431 Lucre-

186 3472 276 3537 tiana
287 3473 319 3536 in
331 3473 437 3557 primo
450 3471 558 3557 eapite
570 3472 712 3555 reperies
720 3470 927 3534 Attianorum
938 3468 1160 3555 exemplorum
1173 3469 1329 3533 ordinem.

253 3750 297 3810 25)
316 3748 351 3796 of.
371 3749 404 3797 L.
423 3747 539 3796 Mueller
556 3741 592 3795 de
611 3761 640 3794 re
658 3737 774 3796 me'trica
792 3761 817 3810 p.
837 3747 886 3796 397
906 3761 945 3810 sq.
