3160 5126
663 333 895 408 4155-

286 512 347 576 His
370 511 472 596 igitur
493 511 574 578 locis
597 513 716 576 mirum
737 514 771 576 in
798 513 930 578 modum
952 515 1218 600 conspirantibus
1248 518 1277 588 si
1301 539 1355 582 eos

204 604 369 678 addideris
393 613 569 699 quisentea
592 613 658 677 iam
681 615 814 680 tractati
837 625 914 678 sunt
935 614 1034 680 t'aoile
1057 638 1152 703 spero
1176 628 1207 683 te
1224 639 1354 684 conces-

202 737 314 780 surum
341 714 448 780 Nonio
478 735 682 781 communem
711 713 816 780 fuisse
838 739 913 781 cum
936 717 1085 783 Charisia
1115 720 1250 784 fontem.
1281 722 1355 786 vsed

180 825 316 896 lauctor
338 815 408 879 eius
432 817 505 900 quis
533 815 633 882 fuerit
654 825 827 901 propterea
854 819 913 882 uix
935 819 1146 908 indagaueris
1175 823 1261 906 quod
1289 822 1355 886 illis

201 918 403 1004 temporibus
428 917 568 982 eruditio
592 918 728 1003 antiqua
750 940 853 1004 paene
874 922 941 986 iam
963 930 1032 985 tota
1054 933 1234 988 euanuerat
1255 925 1303 987 sic
1319 934 1355 988 ut

202 1019 348 1085 homines
360 1019 511 1098 litterati,
535 1019 640 1106 quiin
663 1018 756 1084 libris
780 1021 915 1086 edendis
932 1029 1065 1107 opera'm
1088 1021 1248 1088 collocare
1272 1025 1355 1090 sole-

201 1122 290 1202 bant,
314 1130 460 1194 nontam
484 1119 610 1184 sincero
634 1120 783 1184 ueritatis
808 1121 915 1189 studio
939 1125 1079 1209 permoti
1094 1146 1191 1211 quam
1207 1125 1353 1192 infausta

202 1221 358 1308 gloriolae
400 1221 608 1287 affectatione
640 1221 768 1302 inlecti,
805 1222 851 1286 nil
888 1223 956 1288 fere
994 1225 1162 1311 antiquius
1197 1226 1358 1292 haberent

203 1345 301 1409 quam
315 1334 352 1388 ut
367 1323 490 1409 aliquid
508 1309 662 1409 scripturi
686 1322 768 1386 alter
790 1322 930 1387 alterum
947 1325 1168 1411 compilarent,
1179 1343 1181 1350 ⁴
1192 1329 1269 1394 noui
1285 1330 1354 1394 fere

201 1423 289 1506 nihil,
310 1425 476 1488 adderent.
524 1423 800 1510 quemadmodum
829 1448 928 1511 supra
955 1427 1021 1488 iam
1050 1429 1193 1493 uidimus
1225 1453 1245 1492 a
1271 1430 1355 1494 Var-

202 1547 280 1589 rone
303 1527 382 1590 artis
405 1527 638 1610 grammaticae
654 1527 741 1608 apud
763 1535 891 1590 ueteres
905 1529 999 1613 quasi
1014 1528 1175 1593 columine
1198 1529 1355 1594 Verrium
1384 1593 1387 1604 ,

200 1627 303 1692 multa
335 1637 521 1692 mutuatum
559 1649 647 1707 esse,
682 1625 791 1690 Verrii
823 1627 964 1712 uestigia
997 1629 1143 1694 Probum
1175 1633 1352 1716 pressisse7

201 1729 299 1794 Probi
322 1729 474 1813 Plinium,
497 1728 595 1792 Plinii
612 1728 765 1812 Caprum,
784 1728 1004 1820 Capriscrinia
1026 1731 1148 1794 Iulium
1167 1732 1352 1796 Romanum

201 1832 421 1916 compilasse,'
440 1855 460 1894 a
486 1830 633 1896 Romano
663 1828 803 1916 denique
829 1853 980 1916 magnam
1008 1842 1134 1916 partem
1165 1833 1353 1898 Charisium

200 1934 377 2016 accepisse.
422 1923 523 2017 quare
550 1930 647 1995 facile
675 1931 876 2016 intellegitur
905 1933 1064 2019 quomodo
1094 1933 1263 1998 Charisius
1287 1935 1351 2000 Ro·

201 2055 332 2098 manum
355 2033 546 2098 exscribens
570 2043 679 2097 tamen
702 2044 735 2098 et
762 2034 939 2098 Varronem
962 2034 1069 2121 ipsum
1092 2044 1125 2098 et
1148 2035 1300 2100 Verrium
1319 2048 1351 2102 et

200 2135 344 2201 Probum
368 2144 400 2199 et
422 2133 562 2199 Plinium
592 2144 624 2199 et
646 2135 790 2220 Caprum
817 2145 919 2201 testes
948 2135 1026 2200 dare
1049 2138 1193 2220 potuerit
1222 2148 1255 2203 et
1285 2161 1351 2224 qua

200 2238 327 2300 ratione
345 2235 543 2300 Priscianus·
557 2235 667 2320 (VIII.
684 2241 704 2318 ξ
719 2237 774 2322 26)
799 2237 922 2302 dixerit
943 2243 1153 2313 secretarum
1175 2251 1204 2304 et
1217 2248 1349 2306 omnium

199 2344 387 2418 superiorum
415 2359 486 2403 usus
513 2351 584 2402 tum
612 2343 721 2416 opud
743 2343 899 2419 Currum
928 2360 1033 2416 quum
1063 2347 1166 2419 apud
1192 2347 1353 2406 Plinium

201 2453 237 2504 et
261 2445 414 2504 Probum
437 2445 579 2503 inuenies.
624 2461 707 2525 quae
730 2462 804 2504 cum
827 2439 874 2504 ita
897 2441 963 2504 sint
986 2463 1052 2526 qua
1075 2463 1197 2528 quaeso
1222 2443 1353 2508 demon-

201 2543 360 2611 stratione
376 2564 434 2626 pro
450 2551 539 2606 certo
560 2540 777 2605 affirmaueris
801 2565 843 2606 ex
864 2563 927 2606 uno
950 2541 1012 2606 hoc
1034 2542 1087 2606 uel
1110 2542 1166 2606 illo
1190 2566 1250 2609 sua
1273 2544 1352 2609 deli-

202 2644 300 2708 basse
315 2641 458 2706 Nonium
473 2665 704 2730 nonnunquam
721 2666 794 2707 cum
808 2643 990 2725 Prisciano‚
1007 2643 1181 2727 Diomede,
1202 2645 1352 2710 Charisio
1428 2681 1431 2686 ·

201 2745 484 2809 consentientem?
506 2747 602 2808 immo
626 2745 713 2808 enim
729 2745 1000 2832 acquiescendum
1015 2756 1065 2808 est
1079 2745 1112 2807 in
1128 2745 1188 2808 hac
1204 2759 1352 2833 requam

203 2845 352 2911 effecisse
374 2846 467 2911 nobis
490 2838 764 2911 uidemur'Nonii
787 2847 898 2932 copias
923 2866 965 2909 ex
987 2845 1111 2910 eisdem
1126 2847 1351 2931 grammaticis

202 2970 274 3012 esse
289 2946 485 3033 repetendas
502 2945 544 3011 ad
561 2968 642 3033 quos
659 2946 800 3011 Charisii
816 2956 964 3011 auctores
988 2956 1021 3010 et
1035 2947 1197 3011 Prisciani
1212 2947 1352 3012 rediisse

203 3049 381 3113 uerisimile
402 3058 462 3112 est.
506 3059 604 3135 atque
627 3047 761 3132 grauius
786 3048 869 3112 duxi
883 3048 1045 3113 lemmata
1069 3048 1220 3114 Noniana
1243 3051 1350 3136 quoad

203 3137 272 3214 eius
294 3151 366 3216 fieri
388 3160 501 3234 posset
528 3148 571 3214 ad
599 3151 751 3236 antiquos
779 3149 852 3214 illos
882 3161 915 3214 et
940 3172 1035 3214 ueros
1065 3173 1220 3215 reuocare
1243 3150 1350 3228 fontes

204 3273 299 3336 quam
322 3253 364 3316 ad
387 3251 534 3318 nouellos
557 3250 659 3316 libros
683 3273 765 3336 quos
781 3251 907 3316 Nonius
930 3252 1001 3338 ipse
1024 3251 1176 3316 manibus
1200 3273 1352 3318 uersasse

205 3352 382 3420 uideretur.
