3160 5130
716 278 926 342 „02.-

247 452 333 517 Non.
356 473 389 536 p.
411 450 484 531 469,
509 450 559 514 15.
597 455 722 513 assensn
744 471 772 513 e.
795 471 826 534 q.
851 471 877 512 s.

247 553 399 618 Diomed.
417 575 449 638 p.
463 551 536 633 381,
553 551 604 614 24.
637 555 773 615 adsentio
791 555 938 628 Veroilius
954 553 1126 614 ‘adsensere
1140 557 1262 612 ornnes!
1293 553 1396 614 Cicero

373 660 568 734 epistularum
583 656 713 716 secundo
732 657 776 716 ad
790 648 923 729 fratrem
939 656 1125 731 ‘Philippus'
1141 657 1238 730 inquit
1252 656 1398 715 ‘adsentit

374 761 521 820 Lentulo)
558 760 612 817 sed
632 766 661 819 et
684 759 839 819 adsentior
854 757 1014 818 Sallustius
1037 760 1080 817 uit
1101 761 1132 817 r'n
1149 758 1281 818 Catilina
1305 759 1397 816 ‘alius

374 863 430 921 alii
450 863 536 920 uarie
558 861 825 920 adsentiebantur!
861 857 904 919 cf.
928 854 1029 918 Prisc.
1054 854 1129 937 399,
1155 855 1194 918 12
1217 856 1260 918 Η.

247 960 331 1024 Non.
354 981 386 1045 p.
402 957 476 1040 469,
499 957 552 1021 22.
585 968 778 1048 cunctante.
803 979 834 1043 q.
858 980 884 1020 s.

248 1061 351 1126 Prisc.
374 1082 407 1146 p.
423 1060 497 1140 392,
521 1060 552 1123 8.
589 1069 693 1123 cuncto
712 1080 772 1138 pro
793 1069 927 1124 cunctor.

248 1163 332 1227 Non.
356 1186 388 1254 p.
404 1162 476 1242 469,
499 1161 551 1225 27.
589 1169 715 1240 occinqe
737 1184 764 1225 e.
787 1184 818 1248 q.
843 1185 868 1225 e.

246 1265 348 1328 Prisc.
372 1287 403 1349 p.
421 1265 495 1344 390,
521 1265 570 1327 17.
605 1269 681 1326 idem
705 1271 736 1326 in
758 1267 796 1325 Il
815 1267 964 1328 Aeneidos
985 1268 1166 1340 ‘accinpunt
1187 1283 1287 1326 ornnes
1308 1269 1396 1344 opert

371 1371 555 1446 pedicasque
574 1378 711 1429 rotarum
727 1368 882 1428 Suotctont
903 1370 1024 1443 lopsns’
1042 1385 1103 1444 pro
1124 1371 1328 1442 ascincuntur
1347 1373 1397 1429 uel

377 1475 538 1545 aceinqunt
559 1489 598 1530 se.

246 1570 330 1634 Non.
355 1591 384 1655 p.
406 1569 480 1651 469,
504 1570 556 1633 31.
593 1575 758 1648 contempta
781 1590 809 1630 e.
833 1590 864 1654 q.
888 1591 913 1632 s.

249 1671 352 1736 Prisc.
369 1694 402 1758 p.
418 1671 491 1749 392,
508 1671 538 1735 9.
571 1677 735 1750 contemplo
748 1691 806 1750 pro
820 1676 1012 1750 contemplor.
1044 1671 1087 1734 cf.
1104 1668 1338 1752 (1611117111,
1357 1670 1396 1733 12

372 1774 427 1859 qui
451 1773 536 1836 idern
560 1770 745 1858 exemplum
766 1766 953 1836 Plisutinum
975 1771 1084 1837 adfert
1106 1771 1194 1858 quod
1216 1772 1350 1840 Nonius.

247 1875 330 1940 Non.
353 1897 386 1958 p.
408 1874 480 1955 470,
504 1876 534 1937 6.
572 1881 720 1937 atterente
742 1885 786 1936 est
806 1896 834 1937 e.
858 1896 889 1960 q.
913 1896 939 1938 s.

117 2059 120 2064 .
247 1978 348 2040 Prisc.
371 1998 403 2062 p.
427 1976 499 2058 392,
522 1974 574 2039 24.
609 1981 723 2039 altereo
744 1981 833 2039 etiarn
853 1996 912 2053 pro
933 1981 1119 2039 61161661-
1134 1980 1214 2039 unde
1240 1979 1393 2040 Terentius

374 2084 405 2140 in
428 2081 547 2140 Andria
570 2081 656 2157 ‘seio,
680 2096 746 2139 curn
765 2088 858 2154 patre
879 2084 1034 2142 altercasti
1054 2082 1190 2140 dudum!

248 2179 333 2244 Non.
356 2201 388 2264 p.
410 2179 484 2261 470,
507 2179 537 2242 9.
575 2182 765 2242 arbitrabunt
786 2201 813 2243 e.
838 2200 869 2264 q.
894 2201 919 2244 s.

247 2282 349 2345 Prisc.
365 2303 396 2366 p.
412 2281 486 2362 383,
512 2282 560 2344 11.
589 2286 705 2344 Caelius
720 2289 771 2343 ‘en
790 2288 910 2360 seriptis
923 2301 1024 2345 eorum
1040 2287 1092 2358 qui
1111 2288 1178 2345 ueri
1192 2285 1390 2346 arbitrantur'

370 2389 506 2462 passine,
531 2378 837 2465 ὑπολαμβάνονται.

246 2485 330 2548 Non.
353 2507 385 2570 p.
408 2485 482 2567 470,
508 2485 556 2547 11.
594 2493 737 2564 amplexo
761 2507 788 2548 e.
813 2509 843 2570 q.
869 2509 895 2550 s.

246 2587 350 2651 Prisc.
373 2609 405 2673 p.
421 2586 495 2667 393,
518 2586 548 2649 6.
585 2593 725 2667 amplexo
741 2607 802 2666 pro
825 2594 982 2667 onplenor
1004 2609 1032 2651 e.
1055 2610 1086 2674 q.
1111 2611 1137 2652 s.

168 2705 181 2732 ·
247 2687 331 2753 Non.
354 2710 385 2774 p.
408 2688 483 2768 470,
509 2689 558 2751 16.
596 2695 737 2753 criminot
760 2711 787 2752 e.
811 2712 842 2775 q.
866 2713 891 2753 s.

247 2789 350 2854 Prisc.
374 2812 405 2876 p.
422 2790 496 2873 392,
523 2791 572 2854 12.
606 2797 731 2855 crimino
749 2811 809 2870 pro
830 2798 984 2856 criminor.

245 2892 329 2957 Non.
352 2916 384 2979 p.
407 2892 481 2973 470,
507 2894 556 2957 19.
596 2897 724 2970 ternant
745 2915 771 2959 e.
795 2916 825 2980 q.
851 2917 877 2957 s.

122 3061 125 3068 ,
245 2995 346 3058 Prisc.
370 3018 402 3080 p.
425 2995 497 3075 392,
523 2995 572 3059 13.
602 2999 693 3073 diqno
713 3017 770 3074 pro
792 3002 912 3073 diqnor.
949 2994 1215 3079 661116111401,
1238 2996 1269 3060 6.
1300 2995 1389 3061 Seru.

373 3096 415 3160 ad
437 3097 536 3181 Verg.
560 3096 643 3160 Aen.
668 3097 732 3179 XI,
758 3097 828 3162 169.

246 3200 331 3265 Non.
354 3223 385 3284 p.
408 3198 481 3278 470,
505 3200 557 3262 22.
594 3205 772 3263 miserarent
793 3222 810 3263 e
833 3223 864 3285 q.
888 3222 913 3263 s.

246 3300 348 3364 Prisc.
371 3323 403 3384 p.
425 3301 499 3383 392,
525 3302 574 3364 17.
611 3308 735 3365 misereo
751 3322 813 3381 pro
836 3309 993 3383 misereor,
1016 3306 1095 3365 unde
1120 3309 1237 3366 miseret
1257 3317 1285 3366 et
1306 3311 1390 3367 mise·

372 3416 457 3464 retur
478 3409 701 3481 impersonalia.

246 3504 330 3602 Nqn.
353 3526 385 3590 p.
402 3503 476 3584 470,
498 3503 550 3567 24.
587 3511 670 3581 turpi
690 3527 717 3569 e.
742 3526 773 3590 q.
797 3527 821 3568 s.

246 3601 350 3671 Prisc.
374 3628 406 3692 p.
422 3604 495 3686 392,
519 3605 571 3669 21.
608 3613 707 3685 turpio
723 3628 784 3687 pro
805 3614 932 3686 turpior.

330 3707 485 3773 Difficilis
501 3705 554 3771 hic
570 3709 717 3774 exoritur
732 3711 891 3795 quaestio.
921 3711 1239 3794 Kretzschmerus²⁸)
1257 3711 1388 3796 quidem

246 3833 378 3898 operam
394 3809 485 3873 dedit
499 3818 535 3872 ut
550 3831 592 3873 ex
607 3811 714 3877 Probo
731 3813 809 3876 haec
830 3811 984 3877 lemmata
1004 3822 1135 3898 sumpta
1151 3812 1389 3878 demonstraret

245 3915 329 3978 hanc
356 3913 443 3977 niam
473 3912 651 3996 ingressus.
696 3913 827 3979 Seruius
851 3916 893 3979 ad
918 3916 998 3978 Aen.
1022 3914 1049 3995 I,
1075 3914 1136 3978 194
1157 3914 1197 3979 de
1225 3913 1386 4001 partiendi

246 4038 325 4081 uoce
348 4037 514 4102 exponens
538 4036 611 4077 cum
633 4015 777 4080 Probum
800 4025 916 4080 testem
938 4017 1067 4081 adferat
1093 4039 1231 4102 cumque
1253 4038 1387 4081 consen·

245 4129 377 4183 tansum
392 4120 436 4182 sit
450 4115 620 4181 Valerium
635 4115 726 4181 illum
741 4117 911 4204 Berytinm
931 4119 977 4185 ibi
996 4118 1188 4203 significari,
1212 4117 1385 4181 Kretnsch·

245 4242 333 4284 mero
355 4221 463 4284 iudice
485 4229 619 4305 propter
641 4227 833 4284 concentum
848 4219 1016 4286 Nonianae
1040 4221 1080 4285 de
1096 4220 1269 4286 contrariis
1292 4242 1386 4306 gene-

246 4361 473 4368 Q.—

313 4445 356 4508 28)
376 4445 410 4494 de
430 4446 460 4495 4.
481 4445 562 4496 Gellii
581 4445 704 4497 fontibus
721 4461 747 4511 p.
767 4447 799 4498 88
817 4461 857 4510 sq.
