3160 5130
387 553 417 616 p.
446 530 486 593 94
593 531 732 595 lenimus
983 535 1080 593 Varro
1104 533 1259 593 Errmenr'd.

595 632 715 697 tibinos
980 638 1080 694 t'rrrro
1103 635 1259 696 Eumenid.

594 732 731 798 diereeti
980 739 992 796 1
997 739 1079 796 'arro
1102 738 1257 797 Eurnem‘d.

593 837 763 922 praesepia
973 833 1140 917 Vergilius
1164 835 1248 898 Aen.
1270 834 1327 899 lib.
1355 835 1381 898 Ι.

980 942 1080 999 l'urro
1103 931 1181 1012 ὄνος
1203 936 1316 1018 λύρας.

289 1041 378 1105 Idem
403 1064 480 1105 uero
511 1041 599 1104 eadit
626 1040 696 1102 sine
726 1038 881 1103 dublein
909 1038 1136 1119 ordinasses,
1161 1041 1215 1124 qui
1238 1039 1443 1116 testimoniis

289 1142 490 1228 depromptis
524 1165 541 1204 o
570 1163 686 1227 prosae
723 1141 879 1205 orationis
915 1139 1131 1225 scriptoribus
1165 1139 1370 1221 efficiuntur,
1401 1151 1445 1204 ut

288 1245 472 1330 ubicunque
506 1267 547 1306 ex
581 1243 694 1307 eodem
724 1241 806 1306 libro
835 1241 1029 1306 adferuntur
1057 1239 1224 1328 exempla,
1253 1265 1292 1306 ea
1320 1241 1442 1307 eodeni

290 1344 404 1408 ordine
427 1367 499 1408 sese
522 1344 704 1429 excipiant,
736 1366 798 1430 quo
821 1343 909 1428 apud
932 1345 1040 1429 ipsum
1055 1357 1056 1362 ’
1070 1343 1261 1429 scriptorem
1291 1345 1442 1408 luerunt.

290 1468 395 1532 neque
418 1447 502 1510 enim
527 1446 640 1512 dubito
664 1445 742 1531 quin
765 1467 792 1509 0.
817 1467 850 1530 g.
873 1447 907 1509 in
929 1445 1023 1510 brevi
1046 1445 1103 1509 illa
1126 1447 1209 1509 serie
1233 1447 1279 1531 (p.
1306 1446 1376 1526 141,
1394 1449 1442 1509 22

290 1556 443 1614 maceriae
456 1587 497 1596 -—
509 1547 725 1632 rnulrr'farrum)
740 1547 961 1633 exemplorum
976 1548 1243 1612 Sisennianorum
1258 1548 1370 1612 eedem
1387 1571 1441 1611 or-

291 1651 368 1716 dine
391 1675 462 1716 seso
485 1651 652 1738 excipiant
674 1649 870 1732 testimonia,
896 1672 958 1734 quo
982 1649 1016 1712 in
1040 1649 1197 1714 Sisennae
1224 1649 1308 1714 libro
1336 1648 1439 1714 histo-

290 1755 412 1818 riarum
440 1754 535 1818 tertio
558 1752 760 1838 legebantur.
786 1791 822 1798 -
885 1830 887 1835 ,

375 1857 445 1920 lam
463 1854 489 1918 si
506 1855 548 1918 ad
564 1855 714 1939 exempla
729 1853 848 1938 quibus
865 1851 944 1916 ordo
967 1852 1121 1934 efficitur,
1145 1853 1217 1939 ipsa
1239 1853 1437 1933 accedimus,

290 1957 403 2044 paucis
420 1955 566 2040 exceptis
589 1953 738 2017 uidemus
761 1977 800 2018 ea
822 1952 855 2016 in
879 1952 1039 2018 lemmatis
1063 1955 1168 2041 primo
1192 1955 1262 2020 loco
1283 1954 1437 2041 posita.⁷)

291 2058 348 2123 ubi
370 2079 448 2121 uero
472 2057 579 2121 aliena
601 2055 751 2142 exempla
779 2056 883 2141 primo
907 2055 977 2119 loco
1000 2057 1227 2139 inueniuntur,
1257 2057 1437 2121 uidendum

292 2169 343 2224 est
365 2182 405 2223 ne
428 2166 532 2222 totum
556 2156 673 2222 lemma
695 2166 869 2244 propterea
884 2157 925 2221 ab
942 2157 1055 2222 ordino
1071 2159 1229 2223 absonum
1245 2158 1438 2224 iudicemus

292 2259 432 2346 exempli
456 2261 542 2352 enim
565 2259 671 2344 gratia
693 2261 726 2323 in
749 2261 855 2346 primo
871 2259 1099 2324 Plautinaruni
1120 2261 1308 2326 fabularum
1323 2261 1438 2326 ordine

292 2389 325 2450 p.
347 2367 367 2427 6
389 2369 554 2427 exercitum
577 2360 808 2426 Sallustianum
833 2361 1017 2448 exemplum
1039 2362 1072 2425 in
1095 2363 1254 2449 principio
1277 2363 1437 2428 lemmatis

291 2465 427 2550 legitur3
451 2487 555 2548 neque
577 2474 686 2528 tamen
702 2465 809 2550 ipsum
825 2462 945 2528 lemma
961 2465 1002 2528 ab
1019 2461 1132 2530 ordine
1148 2463 1300 2530 alienum.
1331 2463 1436 2550 sequi-

293 2579 345 2632 tur
361 2566 447 2630 enim
465 2564 648 2628 Plautinum
663 2567 883 2630 testimonium
906 2565 1040 2650 (Bacch.
1051 2566 1080 2647 Ι,
1097 2569 1124 2647 l,
1142 2568 1176 2649 4)
1196 2567 1318 2653 optime
1341 2565 1437 2629 Plau·

294 2671 434 2736 tinorum
458 2666 681 2754 exemplorum
704 2667 811 2734 ordini
839 2669 1007 2733 insertum.
1053 2668 1202 2734 similiter
1229 2667 1339 2755 paullo
1363 2678 1437 2754 post

293 2771 483 2860 primarium
506 2769 689 2856 exemplum
720 2767 823 2833 altero
852 2768 982 2833 deinum
1005 2769 1075 2836 loco
1099 2771 1240 2856 positum
1269 2781 1333 2853 est3
1361 2792 1436 2834 nam

294 2873 443 2961 quamuis
475 2895 506 2958 p.
536 2872 565 2950 9,
595 2873 616 2936 5
644 2878 825 2936 examussim
853 2871 886 2935 in
915 2872 1076 2958 principio
1104 2873 1264 2937 lemmatis
1292 2895 1333 2936 ex
1360 2873 1435 2936 Am-

293 2977 467 3064 phitruone
480 2972 633 3038 Plautina
648 2974 868 3040 testimonium
883 2983 1062 3060 repetatur,
1086 2998 1144 3061 pro
1161 2974 1315 3061 primario
1332 2985 1437 3038 tamen

295 3075 443 3164 exemplo
467 3075 605 3140 alterum
629 3099 645 3141 e
668 3076 773 3141 Milite
796 3075 938 3160 glorioso
962 3075 1149 3141 habendum
1173 3099 1243 3140 esse
1266 3075 1436 3157 concedes,

295 3181 321 3244 si
345 3179 488 3242 Nonium
510 3177 595 3242 libro
622 3201 717 3243 usum
746 3201 818 3242 esse
846 3177 955 3263 aliquo
984 3177 1063 3241 satis
1093 3178 1293 3262 respexeris,
1318 3178 1351 3242 in
1374 3199 1435 3263 quo

295 3281 429 3345 fabulae
453 3278 624 3343 Plautinae
646 3282 693 3359 ita
715 3303 757 3343 ex
785 3278 968 3342 litterarum
991 3279 1104 3342 ordine
1133 3279 1311 3365 dispositae
1334 3287 1435 3358 crant,

296 3393 330 3444 ut
354 3381 512 3466 Epidicus
542 3381 640 3464 (quae
669 3377 782 3443 fabula
804 3380 838 3443 in
860 3377 1010 3443 lemmate
1040 3381 1244 3446 antecedenti
1273 3381 1435 3463 adfertur)

296 3484 502 3567 exciperetur
512 3503 533 3544 a
544 3479 650 3544 Milite
662 3480 803 3564 glorioso
815 3480 994 3546 interiectis
1007 3481 1209 3546 Mostellaria
1219 3506 1256 3547 ac
1268 3481 1438 3547 Menaech-

297 3586 367 3649 mis
407 3605 511 3668 neque
534 3582 630 3647 aliter
652 3604 703 3646 res
727 3604 799 3646 sese
822 3581 958 3647 habebit
979 3606 1011 3668 p.
1037 3584 1088 3665 10,
1109 3585 1131 3647 4
1152 3589 1280 3649 bardum
1303 3585 1359 3650 ubi
1376 3585 1437 3670 pri-

297 3686 434 3749 marium
456 3684 640 3770 exemplum
656 3707 674 3747 e
690 3685 791 3748 Persa
812 3683 965 3748 Plautina
987 3686 1123 3770 petitum
1139 3695 1215 3772 post
1229 3686 1438 3751 Homericum

298 3785 517 3853 testimonium
550 3784 688 3870 legitur,
723 3795 756 3849 et
778 3809 810 3871 p.
840 3787 888 3867 10,
917 3788 955 3851 31
989 3794 1128 3852 lurcones
1159 3788 1216 3853 ubi
1249 3787 1438 3874 primarium

297 3887 482 3974 exemplum
505 3889 600 3951 tertio
623 3887 752 3952 demum
768 3886 838 3953 loco
856 3889 1012 3952 inuenies.
1056 3887 1096 3952 dc
1112 3887 1184 3954 aliis
1201 3888 1331 3974 quidem
1347 3889 1439 3954 dubi-

299 4001 368 4054 tare
391 3990 467 4053 licet
488 3998 525 4052 ut
548 4012 579 4075 p.
605 3991 655 4069 11,
677 3990 719 4052 29
740 4011 874 4072 passum,
897 3991 955 4078 ubi
979 3991 1034 4076 qui
1057 3990 1207 4056 lemmate
1231 3991 1337 4076 priore
1360 3992 1441 4076 (riut-

298 4093 391 4172 rores)
426 4089 534 4155 Plaut.
570 4091 670 4155 Poen.
705 4091 785 4177 prol.
815 4092 867 4158 48.
891 4093 949 4174 49,
984 4093 1167 4178 insequenti
1195 4103 1302 4157 autem
1332 4092 1439 4158 Plaut.

300 4195 397 4257 Poen.
412 4194 437 4265 l,
460 4193 490 4273 2,
508 4193 549 4257 99
563 4191 686 4256 adferri
709 4195 987 4277 animaduerterit,
1011 4195 1115 4280 primo
1139 4193 1305 4258 oculorum
1323 4196 1440 4262 obtutu

373 4431 402 4500 7)
422 4451 476 4500 qua
494 4450 524 4484 re
542 4434 628 4485 liceat
652 4435 731 4485 uobis
751 4451 784 4484 ca
804 4435 944 4500 appellere
962 4437 1079 4500 enerrrplu
1093 4436 1228 4500 primaria,
1246 4449 1315 4501 quae
1335 4435 1441 4488 schott-

301 4519 447 4570 ruuellerus
465 4519 482 4568 l.
502 4519 520 4569 l.
541 4521 711 4572 Stummrirete
729 4521 864 4570 nominari
884 4520 974 4574 uoluit.
