3160 5126
682 371 895 434 -‘-94-

219 542 312 608 Paul.
337 564 369 628 p.
396 542 468 605 125.
513 561 602 604 mane
623 561 643 602 o
666 545 724 606 diis
746 545 883 604 manibus
904 543 1059 604 dicerunt.
1089 558 1158 601 mom
1180 559 1273 602 mono
1287 545 1367 604 boma

324 648 458 708 'dicitur
486 647 566 705 omae
594 653 623 704 et
649 653 746 706 mater
774 646 896 707 Matuta
917 635 945 705 et
969 661 1059 720 poma
1079 651 1211 704 motata.
1256 640 1298 704 cf.
1321 640 1364 704 ib.

349 769 381 832 p.
408 745 468 808 122
491 753 615 808 matrem
639 747 799 810 Matutam.
845 743 887 808 of.
912 743 1010 808 Vara.
1033 743 1074 808 de
1096 741 1117 806 1.
1141 740 1162 807 l.
1186 743 1235 806 VI
1258 746 1278 822 ξ
1300 743 1331 806 4.

220 951 305 1015 Non.
329 973 361 1036 p.
385 949 437 1032 92,
460 951 512 1014 23.
557 956 743 1014 cavillantur
764 959 797 1013 at
817 955 963 1014 iocamtar.
1010 970 1036 1013 e.
1060 973 1092 1035 q.
1116 972 1143 1012 a.

222 1052 316 1117 Paul.
339 1075 371 1138 p.
395 1052 447 1116 45.
491 1057 649 1116 coaiilatio
670 1062 699 1116 et
720 1059 820 1117 iocoso
841 1057 1042 1116 calumniatio.

220 1259 305 1322 Non.
328 1281 361 1344 p.
388 1256 459 1338 121,
482 1257 534 1322 31.
579 1261 666 1320 iteoes
684 1263 812 1336 positam
832 1217 889 1338 pao
911 1261 1035 1322 oisearo
1056 1270 1085 1319 ct
1105 1259 1215 1320 oitaso.

220 1359 314 1424 Paul.
338 1382 369 1445 p.
396 1359 467 1422 100.
511 1361 598 1423 moes
619 1366 714 1423 retusi
734 1366 890 1424 acommts.

219 1565 305 1629 Non.
320 1587 354 1652 p.
371 1565 445 1647 145,
460 1563 512 1628 13.
552 1584 680 1642 nepam
703 1569 850 1643 quidam
873 1585 1052 1629 cameram
1070 1572 1223 1643 patant.
1253 1568 1366 1627 Pica·

347 1680 420 1731 tos:
446 1671 718 1731 ‘retcooorsom
733 1671 879 1751 cedam,
894 1670 1067 1730 imitabor
1082 1670 1235 1744 nepam!
1252 1687 1280 1728 e.
1292 1687 1323 1751 q.
1339 1687 1364 1728 s,

221 1769 307 1834 Fest.
331 1794 363 1856 p.
391 1768 461 1834 165.
508 1769 617 1852 [nepo
640 1771 787 1846 Afrorum
810 1767 927 1854 iimoao]
957 1773 1078 1850 sidus,
1101 1763 1199 1846 quoti
1225 1773 1367 1830 dicitur

348 1893 367 1936 a
389 1877 527 1935 nostris
548 1871 696 1954 c[aacer
717 1878 766 1935 acl
780 1883 812 1935 at
827 1869 960 1958 quidam]
984 1877 1127 1950 scorpios,
1157 1875 1314 1934 Plautus
1336 1875 1366 1932 ia

349 1977 475 2036 Casino:
510 1973 715 2056 [³cecessim
750 1977 844 2036 dabo
876 1972 943 2055 me]
980 1977 1028 2036 aci
1051 1979 1257 2052 parietem
1285 1977 1366 2034 imi-

348 2074 660 2161 to[iocmepom.’]
734 2107 739 2118 ·
830 2066 833 2071 ’

221 2280 304 2344 Non.
329 2302 361 2366 p.
385 2280 443 2360 42,
475 2281 525 2344 15.
570 2286 748 2344 occationem
785 2285 823 2344 ab
851 2285 1018 2344 occaecatis
1049 2283 1208 2343 semimitas
1240 2300 1300 2357 qma
1336 2284 1370 2342 ici

346 2385 479 2458 efficitur
502 2385 564 2446 dici
589 2386 631 2446 M.
654 2385 809 2446 'Tullios
836 2387 929 2446 aolait
954 2388 992 2446 ae
1018 2393 1182 2446 senectute:
1211 2385 1367 2461 ‘sparsam

212 2541 214 2545 ,
346 2504 444 2548 semea
467 2489 585 2563 occipit,
605 2490 736 2565 primam
758 2489 793 2548 id
812 2495 1002 2550 occaecatum
1023 2488 1149 2567 cohibet3
1178 2505 1219 2546 cae
1240 2503 1298 2562 qao
1319 2503 1367 2546 oc·

335 2574 424 2649 'catio
445 2607 523 2664 qaae
543 2569 601 2650 hoc
622 2589 719 2664 efficit
739 2593 896 2650 commata
918 2595 984 2650 est.’

191 2741 192 2744 η
221 2689 310 2754 Fest.
335 2711 367 2773 p.
401 2688 471 2751 181.
515 2708 623 2751 occare
655 2699 684 2752 et
720 2699 885 2753 occatorem
916 2693 1038 2752 Verrius
1070 2698 1161 2768 potat
1190 2693 1299 2760 dictam
1327 2691 1365 2761 ait

347 2793 549 2870 occaedendo,
574 2795 655 2868 qaod
675 2794 787 2855 caedat
804 2796 934 2868 protadio
953 2796 1056 2868 clabos
1079 2801 1196 2854 terrae:
1218 2810 1285 2854 cam
1310 2793 1367 2851 Ci-

347 2913 433 2956 ccro
455 2899 658 2958 uenustissime
680 2897 763 2956 dicat
783 2898 819 2955 oia
840 2897 1047 2957 occaeeaadas
1066 2895 1175 2970 fraces
1196 2905 1287 2955 satos.

220 3098 305 3163 Non.
328 3121 359 3184 p.
386 3100 457 3180 177,
480 3098 532 3164 26.
575 3103 675 3173 sodes,
703 3118 761 3161 moa
789 3110 822 3161 at
850 3104 935 3178 apati
961 3105 1102 3178 comicoS,
1131 3102 1185 3161 seo
1211 3103 1238 3160 si
1263 3101 1366 3159 aoeies.

351 3224 378 3263 e.
426 3223 482 3264 .S.

222 3304 311 3366 Fest.
336 3326 368 3388 p.
392 3224 465 3366 2q97.
510 3306 595 3366 sodes
616 3309 643 3365 si
663 3307 759 3367 cades
780 3309 825 3365 ati
843 3303 899 3382 si[s
919 3322 977 3380 pro
991 3308 1019 3364 si
1038 3308 1086 3365 mis
1107 3313 1135 3364 et
1156 3303 1250 3384 iiiico]
1263 3283 1322 3380 pro
1337 3306 1366 3364 im

348 3410 421 3467 ioco.
469 3408 624 3469 Terentius
652 3426 680 3467 e.
703 3426 734 3489 q.
757 3427 783 3468 s.

222 3608 305 3672 Non.
329 3631 363 3693 p.
385 3608 460 3689 471,
482 3609 534 3672 29.
558 3580 722 3671 ¹ammittat.
754 3613 902 3686 Veroitios
919 3615 954 3673 io
979 3613 1130 3674 Bucolicis
1152 3632 1179 3672 e.
1203 3632 1234 3694 q.
1257 3632 1283 3672 o.

222 3711 328 3774 Prisc.
352 3734 382 3796 p.
406 3709 480 3792 397,
503 3711 534 3773 2.
578 3717 696 3774 camino
717 3721 746 3772 et
766 3717 913 3774 ruminor.

222 3917 306 3979 Non.
331 3901 362 4001 p.
385 3915 438 3998 59,
461 3915 511 3978 27.
556 3919 696 3978 meridies
717 3918 875 3993 manifeste
889 3919 1004 3978 meaios
1026 3920 1098 3979 dies.
1144 3938 1171 3979 e.
1193 3937 1225 4000 q.
1249 3937 1273 3977 S.

222 4018 326 4081 Varro
349 4017 389 4080 de
412 4015 433 4080 l.
457 4017 479 4080 l.
502 4015 551 4080 VI
574 4017 594 4102 §
615 4017 647 4082 4.
690 4024 829 4081 meridies
851 4021 889 4080 ao
910 4038 945 4080 eo
967 4022 1046 4094 qaod
1067 4021 1181 4080 medias
1202 4020 1275 4078 dieo.

222 4221 303 4284 Non.
326 4245 358 4307 p.
381 4221 454 4302 488,
476 4223 528 4285 20.
570 4227 727 4301 poematia.
773 4225 815 4284 M.
844 4225 957 4286 Tullios
979 4225 1016 4284 ae
1037 4224 1147 4297 officiis
1168 4243 1196 4283 o.
1221 4229 1252 4304 q.
1276 4242 1301 4282 a.

222 4322 349 4386 Charis.
378 4345 409 4408 p.
440 4323 494 4404 53,
525 4324 574 4387 12.
617 4327 770 4386 Romanas
804 4329 949 4400 poematis
984 4327 1081 4398 refert
1116 4327 1252 4400 qoomais
1289 4328 1368 4384 ratio

346 4428 529 4503 poematibus
547 4428 658 4499 sociat.
702 4445 772 4486 mam
795 4436 823 4487 et
852 4429 950 4487 Varro
972 4447 1000 4489 e.
1023 4448 1060 4509 q.¹
1078 4447 1102 4486 s.
