3160 5126
691 349 838 416 -146
885 388 922 398 -

363 527 533 599 ‘cumque
565 525 626 585 liic
659 531 730 584 tam
760 524 957 596 formosus
989 526 1091 584 aomo
1114 542 1158 586 oc
1187 532 1220 584 te
1247 527 1387 600 dipnns

270 667 276 678 ·
360 629 540 703 puellus'
571 646 599 688 e.
622 646 653 710 q.
679 646 704 688 s.
814 613 817 624 ¹

234 725 318 790 Non.
341 748 373 812 p.
399 725 470 790 170.
514 730 685 803 sublimare,
710 731 865 790 extollere.
910 729 1027 789 Ennius
1050 745 1076 789 e.
1101 747 1132 811 q.
1157 749 1182 788 s.
1227 725 1268 790 cf.
1294 725 1381 790 Fosi.

362 850 392 913 p.
421 825 494 891 306.
539 832 689 891 sublimem
726 839 769 900 est
806 834 837 889 in
875 831 1064 891 altitudinem
1102 833 1222 891 elatum.
1270 832 1385 891 Ennius

365 952 393 993 e.
417 951 448 1015 q.
472 951 498 992 s.

235 1031 317 1098 Non.
343 1055 374 1118 p.
400 1032 539 1128 177,st
568 1036 726 1096 sublestum
741 1041 785 1096 est
804 1038 877 1112 leue,
895 1021 1056 1107 ‘friuolam
1085 1036 1259 1096 Plautus:
1283 1039 1385 1093 ‘narn

362 1137 423 1197 ubi
453 1137 500 1196 aa
523 1142 791 1212 paupertatem
825 1140 990 1197 accessit
1022 1136 1185 1208 infamia
1216 1153 1385 1213 pauper-

361 1248 419 1298 tas
444 1229 608 1313 pronior
633 1239 700 1312 sia,
728 1238 835 1312 sides
864 1240 1094 1299 secblestior.’
1139 1234 1227 1299 Fest.
1250 1256 1282 1320 p.
1305 1233 1380 1298 294.

362 1342 486 1401 subieste
508 1343 625 1415 antiqui
646 1341 786 1401 dicebant
808 1342 930 1414 infirma
951 1347 981 1401 et
1003 1343 1115 1401 tenuia.
1160 1342 1320 1400 Plautus
1349 1342 1385 1398 in

361 1446 496 1503 Persa:
520 1444 583 1502 ‘aei
598 1450 869 1518 paupertatem
891 1446 924 1503 si
945 1441 1384 1519 immiprantin'samioe,

358 1547 520 1620 prauior
540 1552 753 1621 paupertas
772 1544 839 1618 sit,
860 1545 967 1618 fides
989 1547 1223 1606 sublestior!

109 1671 116 1685 =
235 1642 317 1707 Non.
340 1665 372 1729 p.
401 1643 472 1714 214,
497 1643 527 1706 9.
571 1654 664 1708 metus
685 1649 852 1707 masculini.
899 1647 1053 1709 Naeuius:
1076 1665 1104 1707 e.
1127 1665 1158 1729 q.
1182 1665 1208 1706 s.
1254 1646 1385 1706 Ennius:

362 1750 412 1809 ‘ni
440 1756 534 1809 metus
556 1753 619 1810 uilo
642 1753 747 1811 tenen’
772 1767 799 1809 e.
824 1767 855 1831 q.
879 1767 905 1808 s.
950 1744 992 1809 cf.
1017 1743 1109 1808 Paul.
1139 1767 1171 1831 p.
1198 1744 1267 1808 123.
1291 1755 1386 1808 metus

359 1851 507 1925 feminino
538 1853 683 1913 dicebant.
730 1851 862 1911 Ennius:
891 1849 1005 1911 ‘aiuum
1027 1867 1067 1911 an
1090 1853 1221 1935 morior,
1246 1851 1331 1910 nulla
1352 1852 1384 1908 in

362 1956 610 2014 mmmw
1367 2028 1371 2034 Ι

237 2051 321 2115 Non.
344 2074 377 2138 p.
400 2051 474 2132 222,
497 2051 551 2114 29.
585 2067 701 2130 ¹specus
727 2071 839 2130 ponere
861 2057 1033 2122 masculino,
1063 2072 1091 2113 e.
1115 2072 1146 2135 q.
1172 2075 1198 2115 s.
1237 2054 1385 2128 feminino

363 2158 506 2217 Ennius
529 2157 664 2216 Annal.
689 2157 749 2220 iia.
774 2156 912 2216 XVII:
943 2156 1131 2216 ‘eoneouo
1157 2156 1225 2216 sub
1253 2159 1383 2216 montis

361 2263 456 2318 latet
475 2276 611 2336 specus
633 2261 735 2319 intus
751 2259 934 2333 potebat?
951 2276 979 2318 e.
995 2276 1025 2340 q.
1043 2276 1069 2317 s.
1094 2253 1136 2317 cf.
1152 2254 1242 2318 Fest.
1257 2275 1290 2339 p.
1307 2252 1380 2316 343.

359 2378 465 2436 specus
492 2360 640 2433 feminino
658 2378 769 2434 ponere
788 2361 1026 2437 pronuntiabant
1046 2362 1164 2438 antiqui
1180 2367 1214 2420 ut
1240 2366 1332 2420 mutus
1355 2365 1384 2416 et

360 2479 468 2538 nepos;
495 2472 555 2522 tam
582 2464 719 2523 hercules
746 2479 834 2538 quam
868 2465 1032 2524 masculino
1059 2464 1161 2537 stirpis
1187 2471 1216 2521 et
1239 2460 1330 2534 frons
1352 2465 1385 2520 ut

361 2565 525 2626 Ennius:
556 2571 628 2624 tum
660 2582 777 2626 cousa
810 2561 1129 2639 [concauallsua
1157 2571 1278 2624 monte
1305 2565 1383 2622 alle

360 2669 510 2741 [lateii]
531 2683 664 2742 specus
686 2667 789 2727 intus
807 2668 982 2741 poreaot’
1005 2685 1032 2726 e.
1057 2685 1088 2748 q.
1112 2686 1138 2726 e.

234 2764 318 2829 Non.
343 2788 375 2852 p.
398 2764 471 2842 226,
496 2764 549 2828 27.
593 2771 713 2842 stirpem
734 2773 854 2842 poneris
878 2768 1027 2840 seminini.
1075 2768 1222 2844 Verqilius
1245 2767 1383 2827 Aeneidis

268 2919 273 2927 .
360 2871 435 2932 libro
471 2870 546 2930 VII:
579 2871 661 2929 ‘leeu
696 2873 851 2945 stirpem
879 2871 1041 2930 inuisam
1069 2877 1098 2930 et
1121 2870 1197 2942 sotis
1226 2871 1381 2930 contraria

356 2974 470 3070 'nostris
496 2971 568 3044 fata
599 2965 784 3047 Plrrppum.'‘
828 2975 1039 3032 masculino
1070 2973 1213 3032 Ennius
1249 2973 1378 3031 Annei.

360 3075 421 3135 iio.
454 3075 498 3134 V:
521 3075 706 3134 ‘nomines
722 3073 908 3148 Pyrrhus,
932 3077 988 3135 ati
1007 3075 1382 3147 memorantastirpe

360 3178 554 3252 supremo!
605 3177 757 3236 ,Pacuuius
784 3177 946 3236 Atalanta:
983 3176 1100 3236 ‘dubito
1128 3192 1217 3250 quom
1248 3176 1380 3235 insistam

361 3281 440 3338 uiam
476 3285 530 3338 out
563 3279 643 3353 quod
678 3279 880 3353 primordium
920 3281 1067 3352 copissam
1104 3281 1245 3353 osropem
1276 3279 1380 3350 nuqui-

360 3383 499 3439 rentem.’
552 3382 701 3454 Verpilius
729 3381 803 3440 Aen.
830 3380 881 3440 tii.
910 3379 994 3439 XII:
1026 3379 1172 3454 ‘nomque
1194 3380 1246 3440 diu
1268 3382 1382 3438 luciani

360 3485 495 3555 lentoque
516 3484 547 3541 in
562 3485 655 3556 stirpe
677 3488 831 3542 moratus!
876 3478 920 3541 cf.
942 3479 1031 3542 Fest.
1055 3500 1086 3562 p.
1110 3478 1181 3542 313.
1204 3483 1325 3556 stirpem
1348 3483 1379 3539 in

359 3585 525 3643 masculino
558 3599 669 3656 ponere
705 3586 823 3658 antiqui
853 3591 1041 3659 usurparunt
1073 3601 1132 3658 pro
1166 3600 1202 3643 eo
1229 3583 1308 3658 quoa
1336 3593 1380 3644 cst

356 3685 474 3758 semino
496 3686 697 3772 metaphorica
725 3687 865 3746 uocohnli
886 3704 957 3753 usu,
988 3702 1066 3760 quae
1087 3702 1167 3745 nunc
1189 3688 1219 3745 in
1244 3682 1378 3756 femineo

355 3786 518 3863 profertur
542 3805 662 3863 ponere.
693 3807 720 3848 e.
744 3808 774 3871 q.
800 3808 825 3848 s,
871 3788 1015 3847 Ennius
1044 3786 1195 3848 Annulo
1219 3788 1379 3844 ‘nomine

341 3891 530 3976 ¹Pyrrhus
552 3893 608 3951 uti
628 3897 839 3951 memorent
861 3907 881 3950 a
902 3893 1024 3967 stirpe
1053 3889 1259 3966 supremo'
1289 3903 1378 3960 quom

361 3995 466 4053 Gallus
488 3994 590 4053 Aelius
611 3995 654 4053 sic
676 3993 795 4065 delinit:
825 3995 932 4068 ‘stirps
959 3999 1003 4052 est
1026 3993 1123 4066 qentis
1143 3991 1324 4067 propoqotio
1346 3996 1401 4070 ul·

361 4097 433 4168 quio
455 4111 569 4171 quoquc
590 4103 635 4154 esi
651 4099 838 4169 proqnatus’
862 4112 890 4155 e.
914 4113 945 4176 q.
969 4113 995 4154 s.

318 4292 369 4357 De
392 4292 487 4357 Aelio
511 4293 607 4358 Gallo
623 4293 721 4358 Nonii
744 4304 877 4359 auctore
897 4295 956 4359 uix
977 4296 1150 4383 quisquam
1172 4293 1378 4380 cogitauerit.

235 4391 353 4474 dignus
376 4404 485 4458 autem
515 4403 564 4459 esi
592 4396 648 4481 qui
677 4397 861 4460 ascribatur
884 4397 991 4461 Seruii
1017 4397 1107 4464 locus
1132 4398 1189 4482 (cf.
1214 4397 1256 4460 ad
1277 4397 1378 4478 Verg.

234 4496 316 4556 Aen.
340 4494 420 4576 XII,
445 4495 536 4582 208):
562 4503 619 4558 imo
641 4503 678 4558 cle
699 4506 809 4578 stirpe:
831 4504 897 4562 clleo
919 4506 1082 4563 masculino
1102 4521 1213 4580 penore
1234 4490 1377 4570 usus‘est,
1445 4587 1452 4598 ¹
1570 4565 1571 4576 ,
