3160 5126
716 331 949 394 -118-

260 499 372 587 qualia
400 499 482 565 alibi
508 499 634 564 frustra
662 483 748 586 apud
777 499 922 564 Nonium
949 500 1168 586 quaesiueris,
1197 507 1234 564 ut
1260 520 1278 562 e
1300 497 1411 564 Plauti

259 601 503 686 Neruolaria⁴⁴)
537 602 578 688 (s.
610 625 643 666 u.
671 601 835 686 insanum).
885 601 1058 688 Pomponii
1090 601 1216 666 Dotata
1248 623 1411 687 nusquam

260 705 324 770 nisi
345 728 376 791 p.
406 704 476 785 104,
498 703 541 768 24
561 708 699 783 efflictim
723 713 756 770 ct
777 727 809 790 p.
832 704 906 784 511,
929 703 968 767 31
987 709 1148 783 paulisper
1169 702 1205 766 in
1227 703 1335 788 capite
1357 701 1411 767 XI

261 807 302 872 de
325 806 513 901 indiscretis
537 805 703 872 aduerbiis
726 807 920 884 nominatur,
944 807 1090 870 eiusdem
1112 803 1234 868 Verres
1257 815 1411 889 aegrotus

261 892 423 994 nusquam
445 907 509 971 nisi
531 909 566 973 in
588 906 819 974 aduerbiorum
843 907 1013 973 ordinibus
1038 907 1084 994 (p.
1109 906 1179 986 112,
1202 905 1223 970 5
1242 910 1411 990 frustatim,

210 1083 217 1098 ,
262 1033 294 1099 p.
317 1010 389 1092 178,
411 1009 454 1074 24
475 1010 615 1094 testeum)
639 1011 726 1074 etin
749 1012 855 1098 capite
876 1007 929 1074 XI
954 1032 986 1096 p.
1010 1009 1084 1090 515,
1108 1009 1127 1073 6
1147 1009 1310 1096 parciter),
1326 1003 1411 1073 eiusss

262 1114 335 1179 dem
357 1111 547 1177 Praefectus
576 1134 702 1178 morum
730 1134 892 1199 nusquam
920 1112 985 1176 nisi
1006 1134 1039 1198 p.
1064 1111 1141 1194 118,
1167 1111 1206 1188 15
1226 1118 1412 1189 permanans

263 1224 295 1280 et
316 1216 351 1279 in
372 1214 480 1299 capite
504 1213 556 1277 XI
578 1236 610 1300 p.
639 1214 713 1296 507,
740 1213 783 1279 32
809 1219 938 1294 operito.
982 1213 1069 1277 idem
1098 1212 1237 1298 denique
1263 1213 1352 1280 ualet
1377 1215 1412 1279 in

261 1316 421 1381 Varronis
451 1313 549 1380 ‘Sera
575 1321 723 1403 parecto’
750 1337 783 1402 p.
808 1316 885 1396 104,
908 1315 949 1380 28
971 1320 1120 1396 expulsum
1147 1314 1301 1379 adlatam.
1346 1314 1411 1381 alio

261 1419 363 1503 igitur
384 1416 475 1483 fonte
496 1439 574 1482 usus
597 1417 723 1483 Nonius
746 1417 800 1481 hic
821 1416 954 1483 uidetur
976 1427 1075 1504 atque
1099 1418 1132 1483 in
1155 1416 1270 1482 ceteris
1290 1417 1412 1483 ordini-

263 1521 324 1585 bus
347 1529 380 1585 et
400 1529 438 1588 ut
459 1541 533 1584 mea
555 1527 606 1584 est
628 1518 738 1605 opinio
761 1543 804 1584 ex
827 1518 1041 1585 similitudine
1064 1519 1181 1604 capitis
1198 1518 1250 1582 XI
1271 1518 1413 1584 deducta

263 1623 379 1689 eodem
395 1621 486 1688 fonte
503 1622 591 1686 unde
610 1622 740 1707 singula
755 1620 895 1702 inillud
922 1630 1021 1708 caput
1043 1641 1212 1686 emanasse
1236 1642 1335 1708 supra
1352 1619 1410 1707 (cf.

262 1749 295 1812 p.
312 1724 353 1790 68
370 1723 434 1811 sq.)
459 1723 766 1790 demonstrauimus.
811 1724 930 1810 quodsi
955 1746 997 1788 ex
1022 1725 1096 1811 ipsa
1112 1723 1264 1788 ordinum
1287 1723 1413 1788 ratione

264 1825 389 1914 aliquid
403 1825 482 1891 licet
493 1824 656 1910 colligere,
672 1848 724 1890 me
735 1827 845 1892 iudice
860 1826 914 1890 hic
930 1845 1058 1912 quoque
1074 1822 1271 1910 glossarium
1289 1825 1412 1906 subest,

263 1928 351 2017 quod
366 1950 444 1993 num
454 1928 698 2014 alphabeticum
708 1928 809 1993 fuerit
821 1950 886 1993 non
908 1927 1022 2014 liquet.
1052 1948 1153 2014 quare
1175 1927 1339 2014 incapite
1361 1926 1413 1991 XI

263 2031 408 2095 Nonium
427 2038 556 2117 praeter
576 2031 824 2094 commentarios
845 2030 1152 2116 Pomponianarum,
1175 2029 1411 2111 Plautinarum,

264 2131 403 2197 aliarum
424 2131 612 2198 tabidarum
641 2131 837 2218 glossarium
860 2131 949 2219 quod
979 2131 1139 2198 aduerbia
1160 2131 1358 2196 continuerit
1379 2131 1412 2194 in

265 2256 360 2298 usum
382 2255 517 2300 uocasse
539 2243 658 2317 statuo,
682 2257 724 2299 ex
742 2233 857 2300 eodem
873 2257 949 2300 uero
968 2234 1128 2319 glossario
1143 2231 1299 2300 nonnulla
1321 2231 1411 2297 addi-

265 2336 353 2402 disse
374 2337 538 2423 capitibus
567 2336 680 2423 primis
710 2335 849 2402 duobus.

286 2660 350 2724 DE
373 2659 773 2726 VARRONIANORVM
796 2659 1116 2728 EXEMPLORVM
1139 2656 1398 2726 ORDINIBVS.

769 2887 865 2964 caput
886 2886 911 2947 1.

265 3024 299 3087 p.
321 3001 375 3083 26,
399 3001 450 3065 16.

308 3102 427 3168 lemma
442 3102 493 3167 98.
516 3101 701 3188 lingulacae
810 3109 908 3167 Varro
930 3110 1059 3184 Poplup.
1083 3103 1161 3186 περὶ
1185 3103 1372 3186 ἐγκωμίων.

439 3204 491 3269 99.
514 3203 650 3270 rabulae
806 3213 906 3270 Varro
928 3211 1059 3286 Puptup.
1083 3205 1160 3288 περὶ
1184 3204 1371 3288 ἐγκωμίων.

420 3307 491 3372 100.
514 3306 651 3372 ebullire
801 3306 869 3374 Cic.
891 3308 987 3374 Tusc.
1011 3308 1068 3374 lib.
1092 3306 1157 3373 III.

420 3409 491 3473 101.
514 3430 654 3494 repones
809 3415 910 3475 Varro
931 3415 1062 3491 Papicp.
1086 3409 1165 3492 aspi
1189 3409 1375 3492 ἐγκωμίων.

421 3509 493 3574 102.
516 3509 687 3575 strabones
808 3519 909 3578 Varro
931 3518 1073 3577 Flectub.
1097 3510 1174 3594 περὶ
1197 3509 1380 3592 ἐπαρχιῶν.

801 3612 906 3678 Lucil.
930 3612 999 3679 Sat.
1023 3613 1080 3678 lib.
1105 3612 1254 3678 XXVII.

421 3712 492 3778 103.
515 3714 767 3779 exterminatum
803 3715 909 3782 Lucil.
933 3716 998 3782 Sat.
1021 3714 1079 3780 lib.
1102 3714 1236 3780 XXIX.

801 3819 844 3884 M.
868 3816 952 3882 Tull.
977 3817 1018 3881 de
1040 3816 1093 3882 off.
1116 3815 1173 3881 lib.
1197 3815 1261 3881 III.

422 3916 493 3981 104.
518 3915 672 3982 exodium
809 3926 906 3984 Varro
929 3917 1104 4002 ἑκατόμβη,
1128 3914 1207 4001 περὶ
1227 3922 1374 3983 θυσιῶν.

802 4021 906 4086 Varro
929 4019 991 4097 ἕως
1012 4019 1104 4102 πότε,
1127 4019 1204 4102 περὶ
1227 4017 1339 4102 ὥρων.

696 4123 702 4134 ’
802 4121 890 4187 idem
911 4119 1002 4207 ταφὴ
1024 4124 1220 4187 Μενίππου.

336 4377 379 4441 44)
399 4377 502 4444 legitur
512 4379 619 4445 quidem
629 4379 811 4431 Neruolariaa
824 4379 973 4432 Plautinae
986 4381 1172 4432 testImonium
1191 4380 1273 4431 etiam
1286 4394 1312 4444 p.
1327 4380 1384 4442 169,
1397 4379 1413 4428 8

268 4470 396 4528 scraptae,
415 4463 465 4514 sed
482 4480 498 4515 e
516 4463 608 4514 Gellio
626 4465 821 4530 transcriptum
839 4462 1006 4531 Mercariquc
1025 4465 1187 4517 coniectura
1205 4464 1371 4516 restitutum.
