3160 5126
684 310 915 373 -147-

230 488 301 560 quia
323 486 361 544 de
382 484 538 545 arboribus
568 485 706 560 loquitur.
753 499 823 542 nam
852 483 890 542 ele
911 483 1075 543 bominibus
1096 501 1207 558 praere
1230 485 1378 557 feminino

229 589 340 648 dicitur
361 594 411 648 ut:
434 587 520 646 ‘beu
542 588 696 662 stirpem
719 586 905 645 inuisam'.
944 586 1024 646 dixit
1044 591 1151 654 tamea,
1175 587 1229 646 scd
1248 603 1377 664 usurpa-

228 692 295 759 tius,
319 689 466 750 Horatius
488 691 576 750 etiam
599 689 636 748 de
658 687 816 748 arboribus
838 690 886 747 ut'
911 705 939 746 e.
962 705 993 769 q.
1017 707 1042 747 s.
1074 682 1161 747 idem
1184 686 1226 747 ad
1248 685 1332 749 Aen.
1350 685 1376 767 Ι,

228 787 305 852 626:
330 809 403 852 sane
424 793 516 866 stirps
529 807 596 851 cum
619 791 657 850 de
678 791 794 863 oripiac
816 790 942 850 dicimus
962 790 1083 864 umeris
1101 787 1244 861 feminini
1264 798 1307 851 est
1329 800 1377 852 ut:

236 894 307 969 VII,
333 899 395 952 293.
441 911 508 954 eum
531 894 568 953 dc
595 894 678 966 lippo
702 894 864 953 masculini
885 887 982 973 (XII,
1007 887 1083 972 770)
1106 886 1149 949 cf.
1174 888 1216 951 ad
1237 885 1301 969 111,
1324 889 1375 953 94.

158 993 168 1002 ’
228 989 308 1071 v11,·
331 991 382 1054 99.
413 991 534 1076 Georg.
557 991 584 1072 I,
611 990 682 1054 171.
726 991 792 1056 iam
815 991 845 1054 si
867 1011 942 1054 cum
964 989 1079 1054 Seruio
1103 987 1279 1054 contuleris
1296 990 1377 1054 Cha-

227 1090 342 1156 risium
372 1113 403 1176 p.
435 1093 508 1157 109:
544 1100 635 1174 stirps
662 1098 693 1156 ia
720 1097 939 1171 sipailicatioue
965 1095 1070 1156 sobolis
1094 1095 1242 1167 feminino
1266 1113 1378 1170 periere

227 1198 341 1258 dicitur
373 1204 405 1257 ut
431 1201 474 1258 ait
503 1198 666 1272 Verpilias:
697 1199 783 1259 ‘beu
813 1199 971 1272 stirpem
1008 1199 1201 1264 inuisam’;
1230 1199 1285 1257 scd
1310 1215 1376 1259 cum

227 1303 383 1360 materiam
418 1301 569 1375 sipnilicat
609 1303 790 1360 masculino.-
827 1300 916 1358 ‘imo
952 1300 995 1358 cte
1031 1302 1154 1375 stirpe
1186 1302 1375 1368 recisum',

228 1403 315 1461 item:
347 1400 420 1461 ‘scd
445 1403 568 1477 stirpem
598 1402 707 1463 Teucri
733 1403 815 1462 nullo
843 1402 1016 1461 discrimine
1035 1417 1157 1461 sacrum
1183 1403 1374 1464 sustulerunt·

229 1504 374 1564 dixerunt
394 1513 494 1564 tumea
515 1506 604 1564 etiam
627 1507 658 1564 iu
680 1505 897 1580 sipuificatioae
918 1481 1146 1577 sobolis‘peaere
1166 1506 1330 1563 masculino
1344 1513 1377 1565 ut

226 1605 392 1666 Pacuuius:
429 1607 498 1679 ‘qui
529 1607 651 1683 stirpem
683 1605 792 1666 occidit
822 1609 939 1664 meum'
984 1608 1017 1664 et
1044 1598 1185 1664 Charisii
1213 1611 1246 1667 et
1268 1601 1376 1666 Seruii

227 1703 491 1789 explanationem
506 1702 548 1767 ad
564 1725 768 1769 communem
780 1711 945 1768 auctorem
967 1702 1173 1766 referendam
1196 1725 1267 1766 esse
1289 1702 1376 1768 ultro

226 1804 395 1870 concedes.
440 1828 504 1892 quo
538 1815 647 1871 autem
679 1815 814 1871 auctore
845 1825 926 1870 usus
956 1813 1007 1868 est
1035 1803 1227 1868 Charisius?
1256 1814 1373 1870 testem

226 1906 357 1992 quidem
386 1907 420 1972 in
449 1906 564 1972 eadem
593 1909 714 1994 pagina
741 1908 776 1971 in
804 1905 918 1971 eadem
950 1906 1140 1991 quaestione
1161 1907 1375 1990 grammatica

134 2039 141 2054 ·
227 2008 284 2073 dat
313 2011 422 2095 ipsum
450 2008 614 2074 Verrium.
665 2009 722 2075 sed
754 1999 844 2074 recie
872 2005 1162 2073 Schottmuellerus
1192 2008 1247 2093 (de
1275 2007 1374 2073 Plinii

226 2109 367 2175 Secundi
390 2109 483 2174 libris
506 2111 728 2196 grammaticis
752 2134 783 2198 p.
808 2110 850 2175 32
871 2109 948 2174 adn.
972 2119 1004 2174 et
1026 2132 1059 2194 p.
1081 2109 1124 2173 20
1145 2111 1210 2196 sq.)
1239 2133 1376 2176 reuera

227 2233 302 2275 eum
325 2211 409 2276 lulio
421 2212 568 2279 Romano
584 2235 680 2278 usum
703 2235 775 2278 esse
798 2222 931 2277 auctore
947 2210 1043 2290 dixit,
1057 2211 1239 2276 Romanum
1256 2212 1373 2295 Plinio,

227 2311 351 2398 Capro,
380 2313 509 2400 Aspre,
548 2312 637 2393 aliis,
671 2314 730 2377 hos
759 2313 900 2400 denique
923 2322 1054 2399 praeter
1081 2311 1163 2383 alias
1186 2312 1374 2388 adhibuisse

225 2413 331 2500 ipsum
355 2414 509 2480 Verrium
531 2414 706 2481 admodum
729 2414 904 2480 uerisimile
920 2424 979 2479 est.
1014 2415 1061 2478 sic
1076 2415 1178 2499 igitur
1191 2414 1374 2501 principum

224 2517 511 2600 grammaticorum
543 2507 691 2582 doctrina
717 2538 776 2604 per
804 2514 963 2599 Plinium,
991 2515 1152 2603 Capsum,
1185 2516 1307 2581 similes
1331 2517 1373 2582 ad

226 2617 346 2682 Iulium
362 2619 544 2684 Romanum
567 2619 757 2706 peruenisse
771 2618 914 2701 uidetur,
931 2641 951 2682 a
964 2619 1113 2685 Romano
1129 2617 1172 2682 ad
1187 2618 1374 2685 Charisium

226 2729 260 2784 et
282 2721 443 2784 Seruium.
487 2721 613 2787 Nonius
638 2743 716 2787 uero
739 2720 831 2786 euius
856 2721 1093 2807 expositionem
1117 2720 1159 2784 ab
1181 2722 1296 2786 eadem
1312 2725 1372 2787 ori-

223 2821 299 2906 gine
335 2832 482 2907 repetere
515 2844 575 2910 par
609 2832 659 2887 est
692 2831 828 2907 propter
862 2821 1058 2906 singularem
1093 2843 1166 2884 cum
1195 2822 1311 2888 Verrio
1340 2833 1373 2888 et

223 2921 339 2987 Seruio
378 2923 603 3006 concordiam,
634 2922 726 2988 iente
759 2945 837 2985 usus
873 2931 923 2986 est
952 2922 1007 3007 qui
1037 2932 1070 2986 et
1091 2922 1163 3010 ipse
1185 2921 1229 2987 ad
1251 2922 1372 2988 lulium

225 3024 411 3090 Romanum
434 3025 546 3090 eiusue
568 3033 715 3090 auctores
737 3023 930 3088 referendus
953 3023 1118 3089 uideatur.
1151 3059 1155 3064 ·

222 3193 308 3259 Non.
331 3195 459 3280 pure.
503 3206 600 3276 tapete
631 3201 751 3273 panaris
778 3199 885 3266 neutri,
940 3196 1142 3273 Turpilius
1171 3206 1199 3258 et
1227 3200 1373 3260 Caecilius
1416 3178 1448 3217 ’“

351 3299 539 3375 ‘plabrum
576 3304 731 3376 tapeta'
775 3302 985 3359 masculini
1017 3302 1234 3374 Verpilius:
1272 3303 1371 3377 ‘pul-

349 3419 510 3478 crosque
532 3410 694 3479 tapetas.
738 3397 780 3462 cf.
803 3398 893 3462 Fest.
916 3421 949 3484 p.
972 3397 1044 3463 351.
1074 3407 1171 3478 tapete
1192 3419 1233 3462 era
1256 3405 1372 3466 Gracco

352 3507 477 3580 sumpsit
498 3507 611 3566 ‘strata
639 3508 753 3580 tapete'
783 3503 899 3564 Eunias
926 3520 994 3564 cum
1022 3506 1074 3564 ait.
1121 3487 1261 3580 ‘tapete
1285 3509 1370 3580 pla·

349 3607 466 3666 brum’
483 3607 587 3668 aluit
604 3607 804 3684 Turpilius
826 3609 856 3666 ia
872 3607 1029 3668 demetrio.
1046 3625 1074 3666 e.
1089 3626 1118 3689 q.
1136 3626 1161 3667 s.
1186 3604 1226 3666 cf.
1242 3603 1368 3669 Charis.

353 3728 386 3791 p.
409 3705 460 3768 61.
504 3709 561 3769 boc
588 3715 690 3785 tapete
712 3710 839 3770 dicimus
860 3714 893 3768 ul
913 3709 968 3770 bac
994 3709 1091 3783 facile
1114 3728 1141 3770 e.
1165 3727 1196 3790 q.
1219 3728 1245 3768 s.
1297 3712 1369 3770 Var-

350 3812 455 3884 pilius:
495 3811 565 3885 ‘qui
586 3809 672 3882 sorte
699 3811 843 3887 tapetibus
872 3813 963 3870 altis.'
1013 3812 1177 3885 Verpilius:
1209 3812 1371 3886 ‘pictisque

348 3913 477 3986 tapetis!
512 3912 567 3970 sed
587 3919 616 3971 et
636 3915 801 3972 masculino
819 3929 947 3986 pestere:
970 3913 979 3941 ³
986 3915 1141 3989 pictosque
1162 3915 1303 3986 topatus!

306 4077 355 4141 Ne
378 4078 411 4142 in
434 4087 548 4166 quarto
572 4075 705 4162 quidem
719 4077 826 4165 capite
842 4078 962 4142 desunt
976 4075 1085 4142 Verrii
1099 4075 1241 4160 uestigia
1256 4100 1367 4162 quam-

220 4178 270 4242 uis
293 4177 449 4245 exiliora:

124 4379 127 4384 ·
221 4347 302 4417 Non.
325 4371 355 4435 p.
377 4349 451 4432 335,
475 4351 508 4414 7:
538 4353 668 4413 laudare
689 4355 839 4428 sipnificat
859 4355 948 4414 etiam
970 4355 1180 4414 nominare.
1209 4348 1251 4416 cf.
1275 4350 1367 4416 Paul.

352 4473 384 4537 p.
410 4452 480 4516 118.
502 4454 633 4516 laudare
652 4456 800 4531 probatur
821 4456 906 4531 apud
926 4457 1062 4530 antiquos
1082 4472 1139 4532 pro
1161 4457 1366 4517 nominare.

1103 4557 1166 4618 10*
