3160 5126
681 347 951 411 -136-·

407 518 460 583 27.
483 515 628 582 malleoli
784 520 901 581 Siseuu.
925 521 990 580 hist.
1013 521 1064 580 tm.
1088 522 1108 580 I
1115 521 1147 582 V.

407 620 459 684 28.
483 619 682 684 catafractao
783 621 900 683 Siseuu.
926 624 992 682 hist.
1016 623 1065 682 lib.
1088 623 1147 684 IV.
1242 695 1244 699 Ι

786 719 864 784 Sall.
888 719 963 784 hist.
987 720 1044 785 lib.
1068 720 1127 784 IV.

410 823 462 887 29.
485 822 587 887 falces
789 828 906 886 Siseni.
931 827 999 888 hist.
1023 827 1072 886 lib.
1095 827 1156 887 I'V.

309 1028 401 1092 Haeo
423 1025 510 1091 unda
534 1025 711 1112 adsciuerit
733 1025 858 1090 Nonius
888 1025 1020 1110 ignor03
1052 1027 1188 1092 dubium
1217 1037 1266 1092 est
1289 1027 1375 1090 enim

224 1153 301 1196 num
322 1130 394 1216 ipsc
418 1116 579 1192 Sisennae
598 1127 750 1193 historias
774 1127 891 1212 legarit
914 1149 955 1191 an
973 1130 1207 1193 commentario
1224 1152 1302 1192 usus
1320 1131 1374 1192 sit.

160 1313 162 1318 Α
223 1255 329 1319 neque
351 1241 460 1296 tamen
484 1252 763 1315 superuacaneum
787 1230 932 1298 arbitror
956 1252 1027 1294 esse
1051 1252 1089 1293 ea
1110 1230 1274 1295 ascribere
1290 1253 1375 1316 quae

225 1332 401 1421 repetenda
416 1334 589 1397 uideantur
612 1356 631 1396 a
653 1332 889 1396 uetustioribus
913 1333 1147 1415 grammaticis.

226 1504 311 1569 Non.
336 1527 368 1590 p.
391 1505 443 1584 58,
470 1503 516 1568 10.
561 1508 723 1567 testudines
745 1514 814 1566 sunt
835 1509 900 1566 loco
924 1509 954 1566 iu
983 1509 1128 1578 aediliciis
1150 1501 1305 1567 euiuerutu
1328 1496 1403 1565 ed*

353 1609 639 1669 similitudinem
668 1609 895 1682 uqzaeatiiium
926 1610 1155 1668 testudinum
1184 1625 1262 1682 quoe
1290 1609 1378 1667 duris

356 1711 522 1784 torporibus
543 1720 614 1770 suut
635 1719 664 1769 et
686 1713 832 1770 incuruis.
877 1706 919 1769 cf.
944 1705 1039 1772 Varr.
1063 1706 1104 1769 da
1125 1704 1146 1769 l.
1169 1706 1191 1768 l.
1208 1705 1239 1769 V
1260 1709 1280 1787 ξ
1298 1705 1375 1769 161:

354 1828 462 1873 cauum
500 1813 619 1872 aedium
656 1793 782 1885 dictum,
822 1815 874 1886 qui
900 1814 983 1872 loeus
1012 1819 1102 1872 tectus
1130 1814 1211 1871 intro
1244 1813 1378 1886 parietes

354 1914 577 1988 relinquebatur
603 1916 739 1987 patulus,
775 1916 828 1987 qui
853 1921 929 1972 esset
956 1915 999 1972 od
1030 1929 1213 1972 communem
1228 1917 1233 1926 ’
1248 1917 1378 1973 ommium

354 2033 447 2075 usum.
493 2017 524 2073 iu
553 2015 608 2073 icoc
639 2018 719 2073 locus
741 2018 768 2072 si
788 2016 888 2074 uultus
909 2017 1030 2075 relictus
1051 2023 1132 2087 erut,
1156 2017 1208 2074 sub
1232 2016 1303 2075 diuo
1326 2018 1381 2090 qui

356 2125 440 2192 esset,
470 2116 625 2175 dicebatur
652 2118 768 2176 testudo
800 2117 842 2176 ob
871 2119 1077 2177 testudinis
1104 2118 1378 2184 similitudine,

357 2226 389 2278 ut
409 2224 453 2278 est
475 2220 506 2276 iu
523 2220 732 2294 praetoricia
754 2221 873 2277 castris.
902 2235 930 2277 a.
953 2237 985 2300 q.
1008 2237 1035 2278 s.

229 2317 313 2381 Non.
337 2340 368 2401 p.
394 2316 464 2396 161,
488 2315 544 2380 30:
566 2321 750 2393 praestaturi
769 2329 813 2379 est
835 2327 1002 2395 expectare
1023 2324 1072 2380 uei
1093 2337 1224 2380 monere.
1250 2337 1278 2379 e.
1302 2339 1332 2401 q.
1350 2339 1378 2380 s.
1409 2305 1412 2312 ’

357 2417 399 2482 cf.
423 2415 515 2480 Paul.
538 2440 570 2503 p.
594 2416 670 2481 223:
697 2424 884 2495 praestolari
910 2425 935 2480 is
962 2422 1074 2481 dicitur
1095 2425 1147 2495 qui
1173 2428 1244 2481 aute
1270 2423 1380 2482 stando

358 2525 406 2594 iot,
429 2538 487 2598 quo
507 2532 667 2583 uenturum
688 2503 830 2599 excipere
852 2526 926 2598 uult,
951 2533 1094 2582 moratur.
1116 2531 1125 2552 ⁸

231 2622 314 2684 Non.
341 2645 371 2706 p.
394 2620 469 2701 556,
492 2621 527 2684 4:
556 2617 706 2700 manipuli
725 2634 794 2684 suut
821 2643 928 2684 moniis
955 2627 1078 2685 militum
1101 2628 1150 2684 uel
1170 2626 1286 2685 collecti
1306 2627 1376 2686 uici.

358 2722 400 2786 cf.
424 2721 522 2786 Varr.
546 2722 586 2787 do
609 2722 629 2784 Ι.
653 2721 674 2786 l.
701 2723 728 2785 V
752 2727 771 2803 ξ
795 2723 850 2786 88;
880 2730 1047 2801 manipulos
1067 2729 1219 2787 exercitus
1241 2729 1380 2787 mittimus

359 2846 466 2888 munus
489 2845 567 2903 quoe
589 2845 678 2889 uuum
694 2837 842 2889 ,secuntur
864 2830 991 2902 siquam.

241 3046 304 3110 DE
328 3043 740 3125 SALLVSTIANORVM
764 3042 1083 3110 EXEMPLORVM
1106 3044 1364 3111 ORDINlBVS.

729 3235 825 3313 Caput
846 3235 887 3296 11.
964 3228 971 3244 ‘

128 3271 130 3276 ’
233 3315 588 3402 p.1io‚a.1ia.a·.„

276 3416 395 3481 lemma
418 3417 448 3482 9.
472 3417 592 3481 falsum
615 3416 730 3481 habuit
794 3424 869 3481 Sati.
891 3423 961 3497 Iup.
988 3429 1032 3497 10,
1059 3430 1085 3482 t.

234 3627 267 3692 p.
292 3602 362 3685 116,
385 3603 437 3666 20.
462 3601 523 3666 litt.
548 3605 590 3667 (J.

235 3793 238 3805 .
277 3703 396 3768 lemma
421 3705 470 3768 12.
494 3705 641 3789 gnaritas
794 3711 870 3769 Soli.
894 3712 961 3771 atsi.
985 3712 1034 3771 tit.
1058 3712 1129 3802 ΙΙΙ.

236 3913 268 3977 p.
293 3891 362 3963 138,
386 3893 417 3955 4.
442 3889 503 3956 litt.
527 3893 570 3954 1.

279 3992 398 4088 lemma
420 3993 469 4058 21.
493 3992 626 4058 madore
794 3999 868 4057 Sati.
892 3999 957 4058 itisi.
972 4000 1031 4059 'tta
1056 4001 1075 4058 I
1081 4002 1116 4059 V.

419 4095 470 4157 22.
494 4095 646 4159 mercatis
796 4100 870 4158 Sall.
895 4100 962 4160 hist.
986 4101 1037 4162 tii.
1067 4104 1102 4160 V.
1189 4094 1191 4098 ’

237 4304 269 4366 p.
296 4280 366 4361 186,
392 4281 441 4343 13.
467 4281 528 4345 litt.
555 4280 594 4343 V.

281 4380 398 4443 lemma
420 4382 472 4446 25.
496 4382 696 4446 uitabundus
797 4388 872 4447 Soli.
896 4389 1034 4448 ucetia.
1057 4389 1120 4447 III.

420 4483 473 4548 26.
497 4481 642 4547 ualentia
797 4489 872 4549 Soti.
897 4491 964 4549 hist.
988 4492 1036 4549 lib.
1060 4492 1080 4548 I
1087 4493 1118 4549 t'.
