3160 5130
650 377 688 384 -
734 339 860 402 43-

181 513 254 572 Non.
275 530 307 588 p.
334 518 379 571 19.
424 507 562 575 bardum
585 518 635 574 est
656 507 691 574 ui
712 511 845 595 propria
868 519 900 574 et
922 511 1052 596 ingenio
1076 512 1214 577 tu1·.dum
1248 534 1323 576 nem

306 610 426 676 Graeci
452 611 569 675 bardos
593 611 703 675 tardos
727 611 890 677 dicebant.
920 635 948 676 e.
970 636 1001 698 q.
1025 636 1051 678 s.

178 719 267 776 Paul.
289 735 320 792 p.
344 725 393 776 31.
437 711 576 784 bardus
590 736 610 776 a
637 711 775 778 tarditat
726 713 945 799 teteingenii
973 714 1168 802 appellatur.
1213 715 1323 781 Caeci-

306 814 384 878 lius:
411 853 447 862 -
471 853 522 880 -.
567 815 707 880 trahitur
729 824 838 880 autem
857 816 1016 882 oGroeeo
1033 817 1120 904 quod
1131 816 1180 882 illi
1194 817 1324 902 βαρὸύς

305 916 430 982 dieunt.

182 1127 382 1203 1199989.
428 1123 517 1188 eurio
541 1124 697 1188 curiosus.
743 1124 878 1189 Plautus
902 1123 1092 1191 Aulularia:
1123 1124 1210 1193 ‘uolo
1240 1125 1323 1192 seire

307 1247 367 1309 ego
391 1247 433 1290 ex
457 1234 489 1290 te
511 1227 566 1312 qui
589 1227 632 1289 sit
655 1247 759 1309 agnus
782 1227 896 1291 eurio'

182 1332 266 1392 Paul.
286 1349 318 1407 p.
344 1340 389 1390 99.
434 1327 599 1393 ourionom
615 1349 735 1412 agnum
751 1327 887 1394 Plautus
902 1350 961 1416 pro
978 1351 1087 1395 mucro
1104 1328 1214 1417 posuit
1230 1330 1323 1415 quusi

258 1505 261 1514 Ἰ
305 1452 384 1495 oure
406 1431 609 1497 meeruisset.

180 1635 827 1723 199.]).193.999991119191919991119
856 1637 950 1722 quasi
974 1659 1075 1724 usque
1099 1637 1143 1703 ad
1164 1636 1320 1724 papillam

305 1738 475 1804 renudato.
514 1762 540 1804 9.
565 1761 597 1826 q.
620 1763 645 1803 e.

179 1846 263 1906 Paul.
282 1864 315 1922 p
341 1853 385 1905 79.
430 1840 632 1927 expapillato
656 1842 821 1952 bruschio,
845 1851 957 1908 exerto
967 1842 1087 1927 3quod
1110 1843 1307 1909 oumfita
1229 1852 1320 1930 tpa-
1349 1906 1352 1912 ,

303 1941 384 2031 pilla
406 1943 559 2009 nudatur.

178 2152 253 2212 Nou.
276 2172 306 2230 p.
333 2161 399 2212 193.
449 2150 600 2213 exiurare
633 2159 666 2214 et
699 2148 847 2214 deiurare
875 2149 909 2214 id
937 2158 987 2214 est
1020 2149 1117 2215 ualde
1149 2151 1256 2216 iurare
1284 2161 1321 2216 ut

302 2251 464 2316 deaurare.
509 2251 644 2315 Plautus
667 2251 920 2339 Amphitruone:
944 2253 1151 2318 ‘oxiurauisti
1181 2263 1214 2317 te
1241 2251 1319 2318 mihi

303 2354 428 2419 dixisse
450 2377 508 2440 per
529 2355 670 2426 iooumt’

176 2460 262 2520 Paul.
282 2479 314 2537 p.
342 2468 387 2520 77.
434 2457 571 2521 eiuratio
595 2455 760 2540 significet
773 2458 807 2522 id
822 2456 909 2544 qnod
925 2457 1126 2524 desideretur
1141 2479 1207 2523 non
1222 2480 1320 2544 posse

302 2559 474 2644 praestari.
517 2557 667 2624 Plautus:
690 2559 844 2626 ‘eiuruuit
866 2559 1038 2626 militiam.⁹
1091 2645 1094 2650 Ι

175 2767 251 2827 Non.
273 2785 303 2842 p.
330 2775 394 2842 123,
422 2777 467 2829 19.
500 2766 601 2850 igitur
622 2765 765 2850 positum
786 2787 845 2852 pro
861 2775 985 2850 posteo.
1016 2764 1151 2830 Plautus
1185 2764 1318 2851 Amphi·

235 2905 236 2908 =
302 2875 429 2931 truone.
474 2889 502 2931 e.
525 2891 555 2953 q.
581 2891 606 2932 S.

175 2971 261 3033 Paul.
279 2990 314 3050 p.
339 2980 405 3033 195.
449 2968 549 3053 igitur
577 2992 662 3034 nuno
687 2968 826 3056 ‘quidem
854 2992 913 3056 pro
945 2969 1168 3057 completionis
1198 2969 1318 3054 signifi-

300 3070 428 3135 catione
451 3069 552 3153 ualet,
575 3094 659 3159 quae
681 3082 731 3138 est
752 3093 840 3156 ergo.
872 3071 930 3136 sed
949 3073 1035 3156 apud
1051 3071 1209 3158 antiquos
1219 3094 1316 3158 pone-

300 3173 399 3237 batur
420 3195 479 3260 pro
502 3173 578 3240 inde
601 3183 634 3240 et
655 3183 769 3262 postea
792 3185 832 3240 et·
848 3184 924 3238 turn.

172 3330 400 3338 —-—--—--—.

172 3415 297 3465 Verrium
317 3430 398 3479 quum
417 3414 548 3480 Opillium
568 3416 601 3466 nd
620 3421 714 3482 partes
734 3417 768 3466 ab
783 3433 814 3467 eo
835 3432 895 3468 esse
914 3421 1051 3479 uocatum,
1072 3416 1202 3482 quoniam
1221 3417 1253 3468 de
1265 3417 1317 3468 hoc

172 3499 241 3550 nihil
261 3501 319 3551 fere
340 3503 449 3550 constat
467 3501 520 3551 nisi
539 3501 685 3552 Plautinus
709 3501 820 3554 fabulas
843 3485 1021 3569 praeeipuam
1044 3502 1188 3552 materiam
1212 3503 1316 3569 glosso-

172 3585 299 3651 graplrioi
318 3585 410 3650 operis
428 3585 589 3650 praebuisse
607 3590 638 3636 ut
656 3587 887 3641 uitRitsehelius.
916 3603 1080 3653 quamquam
1099 3591 1163 3638 sunt
1181 3587 1316 3652 quaedam

174 3670 315 3736 Opilliana
339 3685 409 3733 quae
432 3671 501 3719 sutis
524 3671 672 3722 concinunt
694 3687 754 3722 curn
777 3673 921 3724 Nonianis.
957 3677 987 3721 ut
1005 3673 1110 3722 Nonius
1133 3688 1158 3737 p.
1183 3675 1215 3722 62
1238 3677 1306 3723 conti

173 3758 263 3806 oinium
276 3757 356 3806 noctis
367 3757 473 3820 prinlum
485 3762 582 3820 tempus
595 3774 643 3822 quo
656 3758 739 3808 omnia
751 3759 897 3824 quiescendi
907 3759 994 3822 pratia
1005 3760 1183 3808 conticescant.
1197 3765 1316 3808 orcelorer

171 3841 241 3890 rendli
257 3847 313 3888 9991
331 3841 390 3889 milri
406 3842 454 3890 sed
471 3844 623 3892 99999νί1919
642 3844 767 3906 deficiunt.
804 3842 924 3908 Opillius
943 3842 1018 3908 apud
1036 3841 1187 3894 Varronem
1201 3841 1218 3890 l.
1233 3842 1248 3890 1.
1263 3841 1314 3892 VII

170 3929 193 3986 ξ.
215 3927 246 3975 79
264 3932 347 3990 putem
365 3943 381 3974 ιι
404 3928 593 3977 conticiseeudo
612 3930 770 3978 conticinium
781 3931 844 3994 9199,
863 3937 890 3979 ul
909 3927 1014 3992 Opilliur
1031 3928 1127 3985 scribit,
1146 3927 1178 3976 ub
1196 3943 1226 3976 eo
1243 3943 1316 3990 quom

169 4011 344 4061 eontiouerunt
361 4011 479 4064 tornines.
499 4011 586 4062 minus
605 4017 697 4062 temen
716 4017 870 4081 congruunt
887 4014 957 4065 Non.
976 4029 1001 4078 p.
1023 4013 1063 4076 13,
1082 4016 1097 4063 9
1121 4013 1237 4062 veterina
1262 3999 1325 4060 999-Ι

170 4099 246 4146 utalia
264 4098 382 4146 diduntur
400 4101 481 4146 omniu
499 4113 563 4162 quae
583 4099 675 4148 uellere
694 4102 755 4166 quid
770 4106 876 4164 proruunt
898 4099 1030 4149 Lueretius
1048 4097 1091 4147 lib.
1115 4097 1147 4145 V.
1167 4113 1190 4150 e.
1212 4111 1237 4160 q.
1252 4111 1272 4146 s.
1288 4101 1315 4146 et

172 4181 257 4247 Opill.
277 4182 349 4246 apud
369 4181 484 4232 Paulum
504 4199 530 4247 p.
551 4185 601 4234 369
619 4186 757 4235 neterr'ucmr
774 4186 877 4236 bestium
899 4186 1030 4234 iumentum
1052 4181 1116 4232 Cato
1139 4185 1282 4246 appellauit
1299 4201 1316 4232 u
1401 4198 1405 4201 ·

171 4268 292 4320 tredendo.
324 4267 429 4331 opillius
446 4271 585 4318 ueterr'num
608 4271 659 4319 (1191
677 4277 751 4334 peccat
775 4272 849 4336 quasi
865 4271 1020 4320 uenterinam
1043 4270 1084 4318 uel
1104 4268 1229 4316 uterinam
1247 4270 1317 4332 qnod

170 4353 205 4402 ud
222 4359 335 4403 reenlreru
352 4369 415 4402 onus
433 4355 565 4418 reliquium
581 4362 665 4418 perat.
688 4355 737 4404 ef.
758 4355 874 4418 denique
894 4355 962 4403 Non.
982 4370 1007 4417 p.
1021 4355 1054 4402 25
1072 4354 1170 4416 uulpem
1188 4356 1216 4402 ot
1228 4351 1313 4417 Opill.

171 4451 215 4500 ap.
252 4437 364 4487 Festum
395 4453 421 4502 p.
452 4441 501 4489 375
529 4454 551 4488 9.
580 4453 606 4490 u.
635 4441 730 4503 uulpes.
771 4441 869 4508 quibus
904 4440 936 4494 ue
972 4437 1041 4493 loeis
1076 4437 1149 4486 infra
1179 4435 1314 4489 disseren-

171 4522 233 4571 dum
253 4523 312 4572 erit.
