3160 5126
639 315 926 402 -151-'

188 507 274 572 Non.
298 529 330 593 p.
354 507 417 572 503
436 511 535 584 seruit
555 505 597 572 cf.
621 507 725 570 Prisc.
748 530 781 593 p.
798 507 862 572 478
878 531 926 594 sq.
956 509 1010 594 qui
1025 510 1230 575 Lucilianum
1245 512 1331 577 idern

183 711 269 774 Non.
292 607 485 796 08603624
507 717 584 776 lauit
608 712 651 776 cf.
675 712 776 775 Prisc.
799 735 831 798 p.
853 712 914 776 471
944 712 1002 776 ubi
1029 712 1145 779 eadem
1168 715 1329 803 exempla.

125 849 126 852 κ
183 813 268 879 Non.
291 835 325 898 p.
347 813 421 894 506,
445 813 486 877 32
508 819 628 892 eapiret
649 813 692 876 cf.
709 813 813 879 Prisc.
831 837 862 900 p.
879 814 943 878 499
957 814 1015 879 ubi
1031 815 1117 880 idem
1135 819 1329 904 exemplum.

184 1032 243 1098 sed
264 1033 361 1098 ualde
390 1034 503 1100 dubito
534 1056 611 1097 num
646 1034 869 1122 exemplorum
900 1036 962 1101 hac
988 1039 1215 1104 communione
1237 1041 1330 1126 quid·

183 1159 282 1222 quam
304 1136 412 1222 possit
434 1137 557 1221 euinci3
586 1159 662 1201 nam
684 1136 827 1224 suspicio
850 1138 944 1203 nobis
968 1139 1103 1204 inicitur
1124 1141 1330 1221 Priscianum

183 1237 334 1324 exempla
357 1237 414 1302 illa
436 1261 476 1302 ex
498 1240 571 1324 ipso
594 1238 700 1304 Nonio
723 1238 942 1321 transtulisse,
966 1242 1118 1326 quoniam
1147 1267 1179 1329 p.
1202 1243 1266 1307 499
1290 1245 1330 1308 dc

184 1347 287 1420 sepiri
307 1349 340 1404 et
362 1348 452 1422 sapui
473 1341 587 1405 formis
610 1363 674 1405 non
698 1341 801 1407 solum
825 1341 912 1406 idem
935 1364 974 1405 ac
995 1341 1122 1408 Nonius
1146 1345 1331 1432 exemplum

185 1441 309 1519 drofert
332 1443 391 1507 sed
414 1443 484 1528 ipse
508 1443 605 1508 ctiam
630 1465 702 1507 sese
726 1465 767 1506 ex
790 1463 826 1507 eo
849 1442 998 1508 hausisse
1021 1444 1154 1510 fatetur.

266 1596 338 1661 Iam
361 1599 462 1682 igitur
484 1606 587 1662 restat
608 1606 645 1661 ut
667 1596 796 1681 singula
817 1607 999 1662 ceterorum
1021 1599 1165 1683 capitum
1187 1600 1326 1663 referam

185 1698 337 1764 lemmata
359 1722 442 1786 quae
466 1700 508 1764 ad
531 1698 670 1764 eundem
691 1699 863 1763 referenda
885 1699 1068 1764 uideantur.

183 1937 266 2004 Non.
289 1963 322 2024 p.
354 1940 429 2020 114,
459 1937 500 2002 ,23
524 1962 593 2026 sqq.
629 1943 779 2018 prunnire
813 1946 845 2001 et
876 1942 1054 2016 prundrrlsis
1084 1919 1237 2005 lemmata
1271 1939 1326 2021 (cf.

308 2041 417 2105 Diom.
442 2064 473 2127 p.
497 2041 569 2120 383,
585 2040 641 2126 20)
664 2039 819 2106 Hertzius
842 2039 863 2104 l.
888 2040 909 2105 l.
929 2063 962 2128 p.
978 2040 1037 2104 781
1055 2040 1163 2106 Probo
1180 2042 1328 2107 attribuit

310 2165 368 2207 suo
391 2143 470 2207 iure.
516 2142 559 2208 cf.
582 2141 666 2207 Non.
690 2166 723 2224 p.
744 2141 819 2223 464,
842 2143 893 2206 33.

183 2245 266 2309 Non.
291 2267 323 2330 p.
349 2243 419 2327 132,
443 2245 634 2308 {itinerare
661 2243 779 2307 lemma
804 2243 860 2329 (01.
883 2243 987 2307 Prisc.
1011 2267 1042 2329 p.
1066 2243 1139 2327 392,
1166 2245 1218 2329 15)
1246 2267 1324 2308 num

310 2345 418 2410 Probo
441 2355 527 2410 recte
550 2343 736 2408 uindicetur
758 2344 894 2410 dubium
916 2353 974 2408 cst.

182 2447 264 2511 Non.
288 2469 319 2533 p.
347 2447 415 2528 152,
441 2448 490 2511 13.
508 2455 631 2527 pinsere
654 2444 772 2510 lemma
794 2445 850 2531 (cf.
874 2446 985 2511 Diom.
1002 2469 1033 2532 p.
1050 2448 1125 2528 373,
1141 2447 1175 2532 4)
1192 2449 1226 2510 in
1245 2449 1326 2512 Var-

308 2550 517 2614 ronianarum
532 2557 718 2613 saturarum
731 2548 845 2612 ordino
858 2570 931 2611 curn
943 2549 1129 2613 inueniatur
1145 2550 1202 2612 ¹uix
1218 2550 1339 2615 Probo'

308 2651 502 2715 crediderim
530 2659 712 2716 mutuatum
740 2649 899 2731 Nonium,
935 2671 1035 2736 quaro
1069 2648 1222 2714 dubitare
1251 2649 1326 2715 licet

309 2752 408 2816 etiam
424 2750 465 2816 de
486 2760 591 2832 pisare
611 2751 763 2816 lemmate
774 2775 805 2838 p.
821 2752 891 2833 103,
911 2752 949 2814 16
968 2750 1024 2834 (cf.
1037 2751 1145 2815 Diom.
1160 2774 1191 2837 p.
1204 2753 1278 2833 373,
1294 2753 1324 2816 5.

309 2855 411 2919 Hertz
434 2853 456 2916 l.
478 2852 500 2918 1.
522 2876 554 2940 p.
580 2854 642 2918 780
663 2853 767 2938 adn).

180 3115 285 3180 neque
314 3094 354 3158 de
381 3099 483 3158 sordet
510 3092 659 3156 lemmate
688 3114 719 3177 p.
752 3091 813 3156 170
841 3091 899 3173 (cf.
928 3090 1030 3155 Prisc.
1053 3091 1127 3172 397,
1150 3091 1185 3177 5)
1214 3069 1323 3155 certus

181 3218 263 3260 sum.
307 3217 381 3258 curn
408 3217 486 3259 uero
519 3193 643 3258 Nonius
673 3216 703 3278 p.
733 3193 793 3256 182
821 3197 951 3256 titubare
983 3190 1210 3276 Vergilianum
1237 3214 1322 3257 com-

180 3319 278 3360 mune
310 3295 432 3361 habeat
464 3319 536 3361 cum
570 3294 739 3358 Prisciano
768 3294 821 3357 xl
848 3317 880 3380 p.
903 3293 977 3375 566,
1001 3293 1111 3357 nescio
1140 3317 1218 3358 num
1241 3292 1323 3357 illud

179 3397 268 3462 haud
290 3407 481 3462 cunctanter
502 3397 606 3484 possit
627 3396 671 3460 ad
693 3395 837 3460 Probum
860 3394 983 3462 referri.
1015 3395 1154 3482 denique
1176 3396 1238 3460 hoc
1264 3418 1323 3460 nos

181 3499 298 3564 lemma
318 3500 472 3565 admonet
486 3499 587 3565 Probi
603 3523 635 3585 p.
651 3499 722 3578 319,
738 3498 794 3562 26τ
819 3503 952 3579 bomire,
976 3505 1116 3577 occepere
1137 3505 1186 3564 uel
1205 3505 1323 3562 audire.

188 3607 337 3681 Verpr'lr'us
353 3651 360 3665 .
378 3652 409 3667 ..
436 3601 603 3688 (111126)
634 3607 804 3677 Ver-pilius.
825 3652 856 3668 ..
881 3599 957 3685 (IV,
978 3601 1066 3687 359).
1089 3623 1164 3664 nam
1188 3601 1321 3664 Seruius

180 3705 220 3767 ad
243 3704 343 3788 Verg.
366 3707 449 3769 Aen.
473 3704 532 3785 IV,
555 3704 617 3768 359
640 3704 735 3767 haec:
767 3707 872 3766 bourie
893 3708 970 3766 enim
994 3723 1055 3782 pro
1079 3709 1212 3781 percipit
1228 3722 1321 3780 pone-

179 3809 251 3868 bant
266 3818 382 3869 ueteres
396 3819 425 3870 et
441 3811 506 3870 ideo
523 3811 711 3884 potissimum
724 3815 813 3882 perte
833 3823 936 3866 sersus
955 3810 1130 3888 percipiam
1152 3808 1322 3879 crdiurpnnt

180 3918 212 3970 ert
235 3911 310 3978 XII,
337 3919 385 3970 26.
429 3912 571 3971 Probus
592 3914 669 3972 enim
692 3913 735 3970 eit
757 3912 860 3969 ‘remo
882 3909 985 3969 lrrrurr't
1007 3911 1136 3969 uocem’.

497 4111 556 4175 De
579 4110 786 4176 Caesellio
810 4107 996 4174 Vindice.

264 4279 339 4347 Duo
374 4280 527 4346 lemmata
563 4282 609 4366 (p.
642 4281 716 4355 486,
749 4281 791 4344 30
820 4285 941 4360 pernici
971 4287 1003 4342 ct
1036 4300 1067 4363 p.
1101 4277 1175 4358 490,
1202 4277 1223 4340 5
1248 4299 1320 4357 pro-

175 4385 272 4468 perii)
295 4383 450 4448 Hertzius
474 4382 493 4446 l.
517 4381 537 4446 l.
560 4405 589 4467 p.
604 4382 674 4446 -797
698 4381 739 4446 ab
762 4383 833 4468 ipso
849 4378 1008 4444 Caesellio
1030 4379 1172 4442 Nonium
1195 4379 1320 4444 censuit

178 4485 359 4572 repetiisse.
