3160 5130
740 351 866 414 ὓ-116
912 388 950 397 -«

272 527 390 586 Charis.
408 543 443 602 p.
469 532 505 585 92
526 544 568 602 sq.
614 520 689 586 calx
721 520 822 606 igitur
854 520 923 584 siue
957 542 1021 606 qua
1049 517 1212 582 calcamus
1243 520 1312 584 siue
1335 541 1418 605 quae

399 623 621 706 aedificamus,
645 623 794 689 feminini
816 623 946 708 generis
970 631 1029 704 est,
1052 629 1089 686 ut
1111 632 1144 685 et
1165 620 1330 706 Vergilius
1354 622 1416 685 ait:

400 728 535 792 ‘ferrata
557 725 646 790 calce
668 724 810 810 fatigat?
855 748 882 790 e.
906 748 936 813 q.
959 748 985 788 s.

274 936 349 995 Non.
370 953 403 1011 p.
431 943 493 1004 218.
522 941 564 1001 11.
608 931 701 1017 panis
719 929 953 995 consuetudine
967 927 1146 994 masculino
1168 950 1287 1012 genere
1310 928 1418 1014 appel-

400 1031 496 1100 latur.
526 1040 641 1097 neutro
657 1031 795 1097 Plautus
810 1032 845 1095 in
861 1030 1072 1096 Curculione:
1096 1029 1188 1111 ‘haee
1204 1039 1280 1094 sunt
1294 1031 1418 1092 uentris

399 1134 633 1214 stabilimenta,
656 1157 740 1222 pane
763 1144 796 1198 et
818 1157 893 1198 assa
914 1132 1062 1199 bubula?

274 1242 389 1301 01111111.
416 1260 445 1317 p.
475 1247 520 1300 911.
573 1237 666 1322 panis
701 1236 879 1302 masculino
913 1257 1032 1321 genere
1066 1235 1198 1299 dicitur.
1249 1256 1325 1298 nam
1356 1234 1417 1299 etsi

401 1348 513 1404 neutro
530 1381 533 1388 ·
549 1361 666 1422 genere
700 1338 835 1403 Plautus
870 1338 955 1403 dixit
985 1341 1081 1423 ‘pane
1115 1345 1148 1400 et
1177 1357 1251 1400 assa
1281 1335 1416 1399 bubula'

401 1450 510 1504 tamen
533 1441 662 1507 nitiose.
1107 1457 1111 1464 ·

277 1651 350 1709 Non.
373 1667 404 1725 p.
432 1657 498 1715 221,
523 1656 569 1706 31).
616 1644 747 1708 schema
769 1644 925 1709 feminino
941 1665 1059 1727 genere
1076 1642 1140 1706 dici
1158 1651 1305 1706 ueterum
1328 1664 1416 1705 usur-

400 1757 457 1835 pat
479 1748 667 1811 auctoritas.
711 1746 848 1813 Plautus
872 1744 1123 1832 Amphitruone:
1149 1743 1248 1831 ‘quod
1273 1767 1333 1828 ego
1357 1743 1417 1807 huc

401 1850 544 1935 processi
568 1851 615 1913 sic
638 1871 710 1912 cum
734 1847 845 1913 seruili
870 1849 1022 1912 schema!
1067 1871 1095 1912 1.
1119 1871 1150 1935 q.
1175 1871 1201 1910 1.

279 1955 397 2015 Charis.
419 1973 451 2030 p.
480 1963 546 2013 111.
590 1951 722 2014 schema
744 1951 836 2036 quasi
860 1960 1075 2037 monoptoton
1097 1952 1139 2015 sit
1162 1950 1297 2034 proinde
1321 1947 1415 2011 decli·

400 2073 496 2116 nasse
530 2052 691 2118 Caecilius
726 2053 759 2114 111
789 2049 1021 2139 Ἁρπαζομένῳ
1050 2053 1224 2117 denotatur
1268 2073 1295 2115 e.
1329 2073 1359 2136 q.
1390 2073 1414 2112 1.

402 2153 536 2219 Plautus
559 2155 592 2217 in
617 2154 870 2240 Amphitruone:
901 2155 975 2218 ‘hue
1003 2176 1062 2238 ego
1086 2154 1229 2240 processi
1257 2175 1329 2215 cum
1354 2173 1415 2214 ser-

400 2255 458 2320 uili
482 2256 684 2341 schema.'‘²²¹)
730 2256 772 2319 cf.
796 2256 900 2322 Prisc.
922 2279 954 2342 p.
980 2256 1050 2319 199.

276 2465 350 2525 Non.
372 2481 404 2541 p.
430 2472 498 2538 225,
526 2473 551 2521 ,1.
597 2461 728 2524 scrobes
753 2461 908 2525 t'eruiniuo
932 2482 1059 2544 genere.
1090 2458 1269 2523 masculino
1284 2458 1416 2523 Plautus

403 2561 656 2647 Amphitruone:
681 2563 740 2627 <ibi
763 2563 894 2627 scrobes
917 2562 1050 2626 effodito
1074 2581 1255 2644 sexagenos
1271 2561 1303 2623 iu
1325 2559 1416 2624 dies!

275 2669 372 2728 Prisc.
391 2685 426 2744 p.
454 2675 519 2727 161.
544 2664 675 2728 scrobes
697 2664 856 2728 feminino
879 2687 1008 2748 genere.
1054 2663 1193 2728 Ouidius
1217 2663 1250 2726 in
1265 2661 1330 2726 VII
1355 2685 1415 2725 me-

401 2765 664 2850 tamorphoseon:
693 2766 793 2830 ‘haud
822 2766 934 2852 procul
963 2775 1075 2850 egesta
1103 2766 1274 2831 scrobibus
1303 2763 1431 2831 tellure.

402 2867 554 2933 duabus’
589 2877 621 2930 11
643 2867 823 2932 masculino
847 2878 954 2932 tamen
979 2890 1096 2950 genere
1119 2867 1292 2931 inuenitur.
1323 2865 1415 2929 Plau·

401 2982 454 3035 tus
476 2970 509 3032 in
533 2969 783 3056 Amphitruone:
807 2970 865 3035 ‘ibi
888 2971 1018 3034 scrobes
1036 2969 1168 3032 effodite
1185 2981 1218 3033 tu
1235 2967 1308 3054 plus
1325 2991 1413 3032 sexa·

401 3095 501 3156 genos
525 3073 558 3135 in
582 3071 674 3136 dies!
720 3072 761 3136 cf.
785 3071 906 3137 ibidem
930 3095 961 3157 p.
984 3071 1057 3135 321.
1104 3069 1200 3135 Prob.
1226 3094 1256 3157 p.
1274 3070 1316 3134 20
1332 3068 1416 3135 Keil.

359 3276 544 3340 Priscianus
580 3277 698 3362 quibus
727 3276 916 3342 auctoribus
951 3299 1029 3340 usus
1064 3276 1106 3339 sit
1138 3277 1209 3361 ipse
1243 3274 1415 3356 indicauit:

275 3379 451 3464 sumpsisse
474 3400 534 3440 sua
557 3376 688 3441 uidetur
710 3380 851 3442 maxime
873 3400 893 3441 a
915 3379 1033 3463 Capro,
1058 3378 1143 3442 hunc
1166 3376 1269 3441 inulta
1287 3399 1305 3439 e
1321 3377 1417 3442 Probi

275 3479 366 3543 siluis
389 3477 582 3563 compilasse
605 3479 781 3542 uerisimile
804 3480 912 3562 11121)

360 3579 544 3644 Charisium
573 3579 637 3643 illis
666 3579 746 3645 locis
776 3580 894 3645 Iulium
926 3583 1107 3646 Romanum
1136 3592 1168 3647 et
1191 3580 1417 3644 Palaemonem

274 3682 470 3768 exscripisse
498 3681 735 3746 demonstrauit
763 3682 1050 3748 Schottmuellerus
1077 3683 1131 3769 (de
1154 3683 1253 3748 Plinii
1277 3681 1418 3747 Secundi

277 3784 369 3849 libris
393 3783 612 3867 grammaticis
636 3784 716 3848 diss.
742 3783 845 3850 Bona.
869 3809 900 3872 p.
917 3785 1072 3872 21111111,
1096 3785 1214 3850 Iulium
1231 3795 1340 3848 autem
1356 3784 1417 3848 Ro-

275 3908 404 3951 manum
434 3886 541 3971 Capro
570 3895 603 3949 et
629 3885 734 3950 Plinio
763 3886 938 3951 maximam
967 3897 1092 3972 partem
1115 3909 1208 3951 usum
1238 3909 1310 3950 esse
1333 3887 1418 3950 idem

274 3989 326 4052 uir
348 3989 464 4054 doctus
489 3987 524 4073 (l.
549 3986 569 4051 l.
592 4010 624 4073 p.
647 3988 702 4074 32)
721 4011 792 4052 cum
817 3988 910 4054 nobis
934 3990 1148 4074 persuaserit,
1172 4011 1206 4052 re
1229 4010 1308 4053 uera
1330 3986 1416 4052 uide·

274 4100 327 4153 tur
350 4088 475 4155 Nonius
498 4089 654 4175 antiquae
676 4089 784 4154 Verrii
802 4099 835 4154 ct
856 4090 955 4156 Probi
980 4091 1172 4157 eruditionis
1187 4089 1339 4176 reliquias
1362 4112 1419 4176 per

342 4348 385 4412 23)
406 4348 550 4399 consilium
573 4346 683 4414 quidem
708 4348 849 4413 utriusque
874 4348 1015 4414 scriptoris
1040 4349 1192 4412 diuersum,
1225 4348 1295 4398 idem
1327 4354 1418 4400 temen

278 4431 446 4483 adscribitur
464 4433 660 4483 testimonium.

343 4517 386 4583 24)
406 4519 441 4572 cs.
462 4518 657 4569 Kretzschmer
675 4519 709 4568 de
727 4521 758 4570 A.
778 4517 863 4569 Gellii
884 4519 1006 4569 sontibus
1026 4536 1052 4585 p.
1070 4521 1112 4571 86.
