3160 5126
742 331 950 407 „30-

267 515 352 579 Non.
376 537 408 599 p.
431 514 483 577 37.
527 512 680 596 sedulo³⁵)
702 519 852 589 sipuilieal
873 518 955 576 siue
978 516 1069 576 dolo.
1104 535 1131 576 e.
1155 537 1187 598 q.
1211 536 1236 577 s.

268 615 395 680 Charis.
419 637 450 700 p.
475 614 548 677 219.
592 619 705 678 sedulo.
750 619 893 678 Heieuius
915 619 1014 678 Acron
1044 621 1075 678 iu
1099 619 1243 694 Adelphis
1269 619 1416 680 Terentii:

395 722 443 780 ‘ul
477 720 577 792 sulso’
611 723 707 793 iuquit
740 721 785 779 ‘el
815 721 977 780 cousullo’.
1028 722 1087 780 uisi
1116 720 1200 793 sorte
1233 721 1283 780 ieie
1310 739 1415 782 nomeu

393 831 436 882 est
457 825 538 882 siue
561 823 655 882 dolo.

268 1007 351 1072 Non.
377 1030 410 1090 p.
432 1006 505 1070 201.
549 1026 622 1085 σερε
640 1011 761 1083 perieris
783 1012 891 1068 neutri.
936 1008 1069 1069 Lucilius
1083 1009 1148 1070 Sul.
1165 1011 1215 1069 lib.
1240 1012 1279 1069 l':
1303 1011 1416 1084 ‘flebile

393 1128 466 1187 σερε
487 1113 584 1183 simul,
606 1113 841 1185 lacrimosaeque
862 1113 968 1171 ordine
990 1114 1123 1187 talpae’
1158 1113 1236 1170 idem
1251 1113 1301 1172 lib.
1320 1112 1354 1171 X
1358 1112 1403 1172 VI
1405 1135 1415 1170 .·

395 1216 466 1274 ‘uos
488 1213 575 1272 aliud
594 1215 681 1286 laupe
702 1216 761 1272 est'
784 1215 893 1287 iuquit,
917 1213 987 1286 ‘qui
1006 1231 1078 1290 σερε
1099 1213 1243 1274 serebat)
1282 1233 1309 1274 e.
1333 1235 1364 1298 q.
1389 1234 1414 1274 s.

393 1332 465 1392 σερε
498 1313 640 1387 feminini
664 1314 798 1374 Lucilius
828 1315 892 1375 Sat.
922 1317 972 1375 lib.
1010 1317 1049 1374 V:
1086 1318 1231 1392 ‘lippus
1266 1318 1414 1377 edenda

395 1419 482 1479 ueri
501 1417 656 1476 assiduo
678 1420 857 1492 seperius
879 1435 972 1494 σερε
994 1420 1221 1478 lacrimosa'
1244 1437 1273 1479 e.
1296 1439 1326 1502 q.
1352 1437 1378 1478 s.

266 1519 369 1582 Prisc.
392 1515 442 1580 VI
465 1515 582 1600 ptos.
612 1519 668 1578 lroe
688 1535 768 1593 σερε,
791 1519 880 1580 iuius
901 1538 982 1596 cepe.
1015 1521 1169 1596 Apuleius.
1193 1538 1220 1580 e.
1238 1540 1269 1601 q.
1287 1539 1313 1580 s.
1337 1522 1416 1595 quod
1480 1581 1483 1591 ,

393 1625 423 1682 in
442 1623 563 1697 plurali
576 1637 700 1680 numero
718 1619 897 1693 femininum
913 1629 956 1681 est
968 1624 1088 1697 primae
1109 1622 1317 1682 declinationis
1340 1622 1414 1682 ‘leae

392 1741 494 1801 cepae,
517 1724 625 1783 barum
648 1727 811 1802 ceparum'
834 1726 971 1797 quamuis
992 1725 1194 1799 antiquissimi
1214 1726 1246 1784 iu
1261 1741 1413 1798 aquaque

395 1828 552 1901 siupulure
571 1823 719 1897 feminino
738 1842 849 1898 perere
871 1826 926 1885 lroe
941 1834 1021 1886 recle
1032 1829 1193 1901 protulisse
1208 1827 1410 1886 inueniuntur.

394 1928 537 1987 Naeuius.
567 1945 595 1986 e.
618 1946 649 2008 q.
673 1945 698 1986 s.
739 1926 872 1988 Lucilius
899 1926 965 1987 Sat.
1003 1929 1059 1987 VI:
1093 1927 1239 2004 ‘lippus
1266 1929 1411 1990 edenda

393 2033 479 2091 acri
500 2028 655 2089 assidue
677 2032 859 2104 ceparius
880 2033 1002 2105 cepa’.
1040 2049 1067 2090 e.
1091 2049 1122 2110 q.
1147 2049 1172 2090 S.

349 2197 535 2261 Priscianus
566 2197 599 2260 in
634 2204 727 2260 sexto
761 2196 823 2260 hoc
852 2196 958 2282 capite
987 2194 1093 2280 Capro
1117 2205 1149 2259 et
1176 2196 1285 2262 Probo
1313 2197 1409 2260 nixus

265 2297 368 2361 multa
391 2300 488 2362 etiam
511 2297 629 2362 Verrio
659 2296 775 2362 Flacco
805 2298 929 2363 debuit.
973 2299 1015 2363 cf.
1039 2320 1072 2383 p.
1095 2298 1174 2378 212,
1200 2300 1249 2364 15.
1284 2322 1315 2385 p.
1337 2299 1409 2374 213,

264 2400 316 2464 20.
345 2409 406 2464 cet.
449 2399 544 2464 uides
573 2399 675 2484 igitur
702 2401 736 2462 in
757 2398 935 2463 Lucilianis
958 2421 1086 2486 quoque
1109 2399 1278 2465 ordinibus
1301 2423 1410 2465 eorun-

266 2501 339 2565 dem
362 2502 647 2587 grammaticorum
676 2500 786 2587 copias
814 2501 848 2564 in
871 2500 970 2567 Nonii
998 2501 1118 2566 librum
1146 2503 1304 2586 migrasse
1331 2524 1410 2588 quas

208 2630 212 2637 ·
266 2604 364 2668 etium
390 2605 424 2667 in
452 2603 523 2668 aliis
552 2601 661 2687 operis
690 2602 840 2688 partibus
871 2602 971 2668 latere
999 2615 1100 2689 supra
1126 2602 1327 2669 intellectum
1351 2614 1409 2668 est.

267 2707 459 2792 priusquam
481 2715 590 2769 tamen
613 2703 654 2767 ab
677 2704 728 2768 his
751 2705 915 2769 discedam
937 2705 1123 2787 ordinibus,
1152 2728 1216 2772 non
1238 2707 1409 2790 indignum

263 2818 343 2892 puto
365 2817 547 2874 memoratu
569 2805 656 2893 quod
679 2816 793 2871 auctor
814 2806 912 2870 Nonii
935 2808 977 2871 ab
993 2830 1104 2872 eorum
1124 2809 1409 2892 grammaticorum

263 2909 414 2996 partibus
437 2909 568 2974 stetisse
591 2909 732 2989 uidetur,
756 2909 811 2992 qui
834 2907 968 2973 uoculas
990 2909 1126 2975 Latinas
1149 2932 1245 2995 quam
1268 2909 1408 2972 maxime

264 3012 308 3075 ad
330 3011 493 3077 Graecam
515 3011 673 3096 originem
695 3009 818 3074 referre
837 3009 1024 3075 studebant.
1069 3011 1145 3075 uide
1161 3013 1247 3075 enim
1262 3012 1409 3097 quotiens

182 3189 184 3194 ι
263 3113 306 3177 ad
329 3113 491 3178 Graecam
513 3114 661 3198 linguam
690 3109 843 3176 lectorem
871 3111 1079 3197 relegauerit.
1116 3112 1199 3178 Non.
1223 3136 1256 3199 p.
1279 3114 1321 3176 22
1341 3133 1409 3192 pro-

263 3223 361 3280 sternis
384 3211 530 3279 ἀπὸτοῦ
552 3213 725 3296 στόματος.
756 3236 788 3298 p.
807 3213 849 3278 35
869 3221 993 3292 arpina.
1023 3237 1055 3300 p.
1072 3214 1114 3278 36
1133 3218 1298 3291 seuestrae.
1323 3239 1352 3301 p.
1369 3215 1407 3279 37

268 3322 379 3380 ruallus
401 3317 476 3382 alia.

293 3571 356 3635 DE
378 3570 747 3636 PAOVVIANORVM
769 3570 1090 3637 EXEMPLORVM
1114 3571 1373 3637 ORDINIBVS.

764 3747 861 3823 caput
881 3747 906 3807 1.

262 3851 294 3913 p.
318 3828 372 3910 23,
396 3828 426 3891 7.

303 3928 421 3992 lemma
443 3928 495 3992 80.
518 3926 600 4012 lnpit
769 3934 922 3992 Pacuuius
946 3933 1101 3992 Periboea.

446 4029 495 4094 81.
519 4051 630 4093 mones
769 4037 920 4094 Pacuuius
942 4033 1105 4094 Iluluuste.

772 4132 918 4196 Lucilius
942 4131 1009 4196 Sat.
1033 4131 1089 4196 lib.
1114 4130 1245 4194 XXVI.

268 4256 494 4264 -—-.-—.-——-

244 4363 248 4370 ·
329 4338 372 4402 35)
391 4340 431 4387 sic
456 4340 527 4388 enim
552 4339 635 4390 scribi
659 4338 740 4388 uelim
765 4339 894 4403 quoniam
918 4354 951 4387 ex
970 4345 1085 4402 utroque
1109 4338 1266 4388 testimonio
1290 4342 1408 4402 apparet

262 4424 343 4474 Nonii
367 4427 506 4473 auctorem
529 4423 562 4473 dc
586 4425 718 4475 aduerbio
742 4425 880 4488 cogitasse
904 4424 932 4473 id
955 4422 1027 4486 quod
1051 4427 1079 4472 et
1098 4424 1159 4488 ipsa
1184 4422 1336 4488 explicatio
1353 4426 1406 4472 siue

261 4511 319 4558 dolo
338 4507 495 4571 persuadet.
