3160 5130
722 353 932 418 *12-

459 524 616 589 suoerdae
767 530 861 589 Lucil.
886 529 950 588 Sul.
973 530 1023 588 lib.
1048 529 1152 589 XXX.

459 626 569 691 simitu
764 632 860 691 Lucil.
884 631 946 689 Sul.
969 631 1019 690 lto.
1045 632 1147 691 XXX.

769 727 876 794 Plaut.
901 728 1020 813 Amph.

763 829 850 894 idom
872 829 1009 896 Mereat.

458 932 659 998 subsiciuum
765 937 857 997 [uolt.
882 936 945 996 Sul.
972 937 1021 997 lio.
1045 937 1203 997 XXVIII.

764 1033 878 1099 Cicero
902 1034 1048 1101 deerat.
1073 1036 1118 1099 11.

456 1146 675 1219 supplosionem
766 1136 882 1203 Cicero
905 1137 945 1200 do
968 1147 1050 1202 orat.
1074 1137 1137 1202 III.

457 1245 751 1320 superbiloquenu'ue
766 1239 881 1303 Cicero
905 1238 1038 1303 Tuscul.
1063 1238 1122 1302 IV.

458 1343 640 1406 sarcinator
763 1345 857 1406 Luer‘l.
881 1343 945 1403 Sat.
967 1345 1017 1404 lit.
1040 1344 1199 1404 XXVIII.

256 1445 327 1508 ueri
361 1442 560 1508 simillimum
595 1453 645 1507 est
678 1441 742 1506 duo
777 1440 832 1505 illa
860 1440 1012 1506 lemmata
1039 1442 1073 1504 in
1102 1443 1216 1506 eadem
1244 1443 1401 1508 schedula

256 1547 378 1632 seripta
406 1546 507 1610 fuisse
538 1545 570 1607 in
600 1567 665 1631 qua
692 1544 913 1608 testimonium
941 1555 1122 1607 extromum
1150 1544 1310 1609 lemmatis
1333 1553 1399 1610 suh-

254 1654 378 1712 se'er'nnm
413 1648 603 1713 adnotatum
642 1658 721 1726 erat,
757 1645 841 1731 quod
876 1667 950 1708 oum
979 1646 1078 1710 semel
1108 1647 1330 1732 ascripsisset,
1361 1671 1400 1712 ea

254 1771 383 1836 quoque
404 1749 576 1813 adnectere
598 1769 662 1812 non
686 1747 860 1812 dubitabat
884 1746 1018 1828 Nonius,
1042 1769 1124 1833 quae
1147 1769 1219 1811 eum
1237 1747 1292 1812 illo
1308 1751 1398 1814 testi-

256 1853 364 1916 monio
388 1851 601 1914 Ciceroniana
625 1857 718 1912 erant
739 1870 805 1912 una
821 1849 953 1933 scripta.
976 1885 1019 1896 -
1042 1847 1167 1914 Eodem
1184 1850 1278 1916 modo
1297 1849 1399 1936 expli-

180 1999 184 2007 .
255 1975 330 2016 rare
358 1951 455 2016 facile
482 1952 589 2038 possis
617 1952 778 2036 quomodo
807 1950 930 2014 facturn
961 1949 1005 2014 sit
1031 1961 1067 2016 ut
1096 1956 1254 2034 norrudnre
1283 1950 1400 2016 lemma

196 2062 200 2073 '
256 2053 364 2120 ordini
379 2052 603 2117 Trallianorum
620 2052 843 2138 exemplorum
859 2053 1092 2138 interspersum
1115 2052 1169 2116 illo
1192 2054 1399 2138 potissimum

255 2154 326 2220 loeo
355 2165 540 2241 poneretur.
585 2154 632 2218 sie
661 2153 747 2218 enim
775 2152 928 2219 lemmata
954 2153 989 2216 in
1018 2154 1132 2219 ordine
1160 2178 1192 2241 p.
1214 2155 1253 2218 41
1284 2178 1332 2241 sq.
1363 2178 1399 2219 so

257 2255 440 2343 excipiunt:
1050 2291 1052 2295 ·

479 2380 639 2424 reserare:
763 2357 891 2423 Tullius
916 2359 956 2422 do
979 2359 1033 2424 off.
1057 2359 1102 2440 ΙΙ,
1126 2359 1178 2424 55.
1244 2395 1248 2400 -

770 2466 920 2540 Verpr'lr'ns
941 2465 991 2524 lto.
1021 2464 1107 2524 VIII.

479 2569 651 2628 nbrrrrdere:
773 2569 922 2643 Verpr'le'us
942 2583 1046 2641 neap.
1070 2567 1120 2626 lib.
1143 2565 1200 2625 IV.

255 2664 346 2728 euius
368 2666 497 2749 generis
521 2666 630 2730 onmia
651 2667 813 2732 ascribere
837 2662 986 2750 exempla
1007 2687 1080 2728 eum
1102 2663 1234 2749 longum
1257 2665 1309 2744 sit,
1331 2663 1396 2726 suf-

257 2767 345 2830 ficiat
379 2789 417 2830 ea
449 2765 502 2830 hio
535 2766 693 2832 adtulisse
721 2791 803 2854 quae
832 2771 866 2830 in
903 2767 1181 2831 Varronianarum
1215 2777 1397 2829 saturarum

257 2878 370 2934 extant
394 2868 580 2934 ordinibus:
1017 2935 1020 2940 .

257 2991 285 3054 p.
311 2972 361 3050 26,
389 2971 435 3033 16.
459 2961 597 3056 rdponos
762 2972 868 3036 Varro
891 2972 1027 3057 l'apiap.
1052 2970 1128 3051 περὶ
1152 2969 1337 3051 ἐγκωμίων.

458 3073 630 3138 strabones
763 3074 869 3136 Varro
894 3073 1045 3137 Flaxtab.
1068 3071 1145 3154 περὶ
1169 3072 1348 3153 ἐπαρχιῶν.

762 3179 894 3238 quentius·
916 3180 980 3237 Sul.
1005 3180 1054 3238 ue.
1079 3178 1221 3236 XXVII.

457 3283 690 3340 enterme'uuunn
763 3283 896 3341 Lucilius
918 3283 980 3338 Sul.
1004 3282 1054 3339 lio.
1079 3278 1254 3338 XXVIIII.

762 3379 806 3444 M.
831 3377 905 3443 Tull
931 3381 967 3441 (16
990 3379 1043 3443 off.
1068 3377 1124 3442 lib.
1149 3376 1210 3441 ΙΙΙ.

460 3481 611 3544 exodium
765 3483 871 3546 Varro
895 3478 1087 3543 lleeatomb.
1110 3479 1187 3561 περὶ
1209 3483 1351 3542 θυσιῶν.

763 3583 847 3647 idem
872 3583 939 3646 Eos
962 3590 1048 3666 pote,
1072 3581 1149 3664 περὶ
1172 3577 1282 3664 (ὁρῶν.

761 3686 849 3749 idom
872 3682 960 3768 ταφὴ
985 3686 1180 3748 Μενίππου.

257 3911 287 3974 p.
311 3891 350 3952 bl
376 3913 422 3976 sq.
459 3890 658 3976 petauristae
766 3893 872 3956 Varro
896 3889 991 3974 epist.
1015 3885 1057 3949 ad
1080 3887 1173 3950 Caes.

772 3993 1184 4068 mmnmpnm
1304 4033 1309 4042 ·

458 4103 576 4160 eurtum
764 4102 865 4158 Varro
887 4100 926 4156 de
948 4097 999 4154 ull.
1023 4113 1055 4172 p.
1082 4097 1118 4154 B.
1143 4095 1187 4154 II.

459 4205 607 4276 nnuman
770 4203 870 4260 Vnrro
893 4199 931 4258 de
953 4200 1005 4258 ull.
1024 4205 1058 4274 p.
1083 4198 1120 4255 n.
1145 4197 1204 4259 III.

259 4425 290 4487 p.
319 4403 386 4468 rut.
466 4402 623 4488 patritam
773 4401 877 4464 Varro
900 4398 1020 4472 Manio.

766 4509 869 4568 Cicero
895 4505 922 4565 T
920 4507 1011 4566 tuscul.
1035 4503 1061 4562 I.
